5166 6845
738 1176 2124 1279 forcius nos insurgit suis cum tempta¬
768 1296 2136 1401 cionibus inducendo nobis multas oc¬
776 1416 2184 1518 casiones ad peccata fremit ut inquit leo papa
772 1531 2104 1637 in sermone de 40ma Hostis impius
758 1653 2108 1751 furit / et novum querit lucrum quia ius
784 1772 2148 1877 perdidit / antiquum / captat indefessus
772 1892 2170 2005 pervigil / si quas reperiat oves a sacris
780 2020 2172 2137 gregibus negligencius evagantes
792 2142 2182 2261 / quas procliva voluptatum et pro divexa lux¬
776 2280 2166 2393 urie in diversoria mortis inducat
798 2408 2184 2509 inflammat iras / nutrit odia / acuit
774 2534 2230 2637 cupiditates irridet continenciam / incitat
778 2652 2202 2761 gulam / et ut homo animetur et armetur
776 2790 2196 2879 fortiter contra eum ecclesia decantat fide¬
794 2912 2120 3005 libus presentem epistolam / in qua docet
794 3018 2172 3129 ut armemur 4or virtutibus cardinalibus
794 3144 2218 3255 que totam vitam hominis custodiunt contra
786 3276 2130 3377 temptaciones Bo fortitudine cum / dicit / Ecce
780 3403 2228 3512 nunc tempus acceptabile / scilicet racione pungne
798 3531 2156 3622 et victorie si voluerimus exhibeamus
798 3654 2206 3744 nos sicut fortes non sicut debiles ministros
788 3774 2202 3868 dei / 2o docet ut armemur temperancia cum
786 3886 2146 3990 dicit in castitate in ieiuniis multis / 3o
794 4012 2180 4101 in prudencia cum dicit in verbo verita¬
798 4136 2232 4229 tis et in virtute dei in sciencia / ut scilicet man¬
812 4257 2158 4354 suete suaviter et placite conversermur
818 4384 2178 4481 in medio fratrum / in caritate non ficta
806 4504 2134 4605 4o docet ut armemur iusticia cum dicit
816 4622 2184 4725 per arma iusticie a dextris et a sinitris
792 4744 2200 4849 id est in eventibus prosperis et adversis / Iusticiam
818 4870 2216 4971 enim dat uniquique quod suum est / superiori
818 4993 2222 5090 et inferiori / bona plus solito operemur
826 5117 2210 5216 et ab hiis bonis ad que pervenimus
818 5246 2206 5341 pia aviditate curramus / et ultra con¬
824 5360 2278 5463 suetudinem nostram bona amplius augeamus
2462 1129 3906 1257 Nam ut ait leo papa in sermone de 40ma
2500 1275 3884 1377 parum religiosus alio tempore demonstratur qui
2506 1409 3948 1498 in hiis diebus non invenitur religiosior
2504 1519 3912 1611 sicut amplius dicit Ecce nunc tempus acceptabile
2496 1633 3914 1729 Quid enim accepcius hoc tempore / quid salubrius
2486 1755 3914 1851 hiis diebus in quibus bellum viciis indi¬
2514 1870 3886 1976 citur et omnium virtutum profectus augetur / Et
2494 1991 3938 2089 quia in multis offendimus omnes / deum proximos
2498 2114 3910 2224 et per hoc eciam nos ipsos nostris peccatis / ideo
2512 2250 3960 2344 ut tamquam vere iusti videamur hoc tempore
2488 2372 3930 2473 reddamus deo honorem / quem sibi quantum
2514 2492 3882 2595 in nobis fuit peccando abstulimus
2516 2622 3884 2732 preoccupemus ergo sciencie eius in confessione
2502 2747 3918 2853 per hoc scilicet ut recognoscamus nos vere
2504 2877 3928 2981 et humiliter excessisse / cum voluntate amplius
2524 2998 3890 3106 non excedendi / et satisfaciendi Ista
2524 3132 3970 3232 enim sunt que ad veram confessionem pertinent
2496 3258 3942 3355 de qua hac 40ma donante domino intendo
2500 3376 3878 3489 aliqua dicere ad laudem dei et profectum
2490 3508 4036 3628 proximorum / pro gracia dicamus Ave maria graciam etc.
2518 3635 3970 3753 Confessio quantum sit commendabilis quanteque
2512 3761 3928 3873 utilitatis / Augustinus in libro de penitencia ostendit
2516 3884 3972 4000 dicens Confessio est salus animarum dissi¬
2524 4017 3980 4129 patrix viciorum / restauratrix virtutum / oppung¬
2526 4137 3892 4263 natrix demonum / et quid plura obstruit
2508 4262 3900 4386 os inferni / et portas aperit paradisi propter
2508 4398 3978 4512 quod Bernhardus in Epistola ad Sophiam dicit Ama
2530 4520 3992 4642 confessionem / si affectas decorem / confessioni
2526 4658 4018 4776 iugitur decor / iungitur pulchritudo / si peccata
2530 4788 3986 4912 sunt in confessione lavantur / si bona opera
2548 4920 3950 5038 sunt in confessione commendantur cum tuam
2524 5064 3968 5170 maliciam confiteris / sacrificium est deo spiritus
2530 5172 4006 5292 contribulatus cum dei beneficia ymola
2516 5328 4036 5430 deo sacrificium laudis Bonum anime ornamentum
