<?xml version="1.0" encoding="UTF-8" standalone="yes"?>
<PcGts xmlns="http://schema.primaresearch.org/PAGE/gts/pagecontent/2013-07-15" xmlns:xsi="http://www.w3.org/2001/XMLSchema-instance" xsi:schemaLocation="http://schema.primaresearch.org/PAGE/gts/pagecontent/2013-07-15 http://schema.primaresearch.org/PAGE/gts/pagecontent/2013-07-15/pagecontent.xsd">
    <Metadata>
        <Creator>prov=READ-COOP:name=PyLaia@TranskribusPlatform:version=0.8.6:model_id=48872:lm=none:date=20_12_2022_11:31</Creator>
        <Created>2022-10-18T16:29:34.489+02:00</Created>
        <LastChange>2024-01-26T11:16:47.359+01:00</LastChange>
        <TranskribusMetadata docId="1657937" pageId="61501380" pageNr="60" tsid="146073600" status="GT" userId="8373" imgUrl="https://files.transkribus.eu/Get?id=IYCBPRMMRZPKTOGJHGEXZQYQ&amp;fileType=view" xmlUrl="https://files.transkribus.eu/Get?id=QPSEAFBYRUXIGXYZOVFGYKQE" imageId="39673395"/>
    </Metadata>
    <Page imageFilename="DTL_2645812-0060.jpg" imageWidth="5166" imageHeight="6845">
        <ReadingOrder>
            <OrderedGroup id="ro_1706564727860" caption="Regions reading order">
                <RegionRefIndexed index="0" regionRef="r2"/>
                <RegionRefIndexed index="1" regionRef="r3"/>
            </OrderedGroup>
        </ReadingOrder>
        <TextRegion orientation="0.0" id="r2" custom="readingOrder {index:0;}">
            <Coords points="748,1149 748,5438 2250,5438 2250,3605 2250,1149"/>
            <TextLine id="r2l1" custom="readingOrder {index:0;}">
                <Coords points="740,1288 850,1258 944,1298 1048,1243 1137,1298 1222,1242 1563,1233 1821,1282 2055,1233 2051,1054 1665,1122 1565,1076 1299,1132 944,1096 737,1154"/>
                <Baseline points="748,1246 812,1241 877,1236 942,1232 1007,1228 1072,1226 1136,1224 1201,1222 1266,1221 1331,1220 1396,1219 1460,1218 1525,1218 1590,1217 1655,1216 1720,1216 1784,1214 1849,1214 1914,1212 1979,1210 2044,1208"/>
                <Word id="r2l1_w1" custom="readingOrder {index:0;}">
                    <Coords points="818,1196 818,1256 911,1256 911,1196 818,1196 818,1196 818,1196"/>
                    <TextEquiv>
                        <Unicode>est</Unicode>
                    </TextEquiv>
                </Word>
                <Word id="r2l1_w2" custom="readingOrder {index:1;}">
                    <Coords points="953,1187 953,1247 1105,1247 1105,1187 953,1187 953,1187 953,1187"/>
                    <TextEquiv>
                        <Unicode>quod</Unicode>
                    </TextEquiv>
                </Word>
                <Word id="r2l1_w3" custom="readingOrder {index:2;}">
                    <Coords points="1146,1179 1146,1239 1567,1239 1567,1179 1146,1179 1146,1179 1146,1179"/>
                    <TextEquiv>
                        <Unicode>perordinataum</Unicode>
                    </TextEquiv>
                </Word>
                <Word id="r2l1_w4" custom="readingOrder {index:3;}">
                    <Coords points="1601,1174 1601,1234 2005,1234 2005,1174 1601,1174 1601,1174 1601,1174"/>
                    <TextEquiv>
                        <Unicode>confessionem</Unicode>
                    </TextEquiv>
                </Word>
                <TextEquiv>
                    <Unicode>est quod per ordinatam confessionem</Unicode>
                </TextEquiv>
            </TextLine>
            <TextLine id="r2l2" custom="readingOrder {index:1;}">
                <Coords points="745,1384 1604,1349 1720,1399 2098,1326 2070,1245 742,1287"/>
                <Baseline points="754,1364 820,1362 887,1359 954,1357 1020,1354 1087,1350 1154,1348 1220,1346 1287,1342 1354,1340 1421,1338 1487,1334 1554,1332 1621,1331 1687,1330 1754,1328 1821,1326 1887,1326 1954,1326 2021,1326 2088,1328"/>
                <Word id="r2l2_w1" custom="readingOrder {index:0;}">
                    <Coords points="821,1317 821,1377 1058,1377 1058,1317 821,1317 821,1317 821,1317"/>
                    <TextEquiv>
                        <Unicode>deletur</Unicode>
                    </TextEquiv>
                </Word>
                <Word id="r2l2_w2" custom="readingOrder {index:1;}">
                    <Coords points="1097,1308 1097,1368 1154,1368 1154,1308 1097,1308 1097,1308 1097,1308"/>
                    <TextEquiv>
                        <Unicode>et</Unicode>
                    </TextEquiv>
                </Word>
                <Word id="r2l2_w3" custom="readingOrder {index:2;}">
                    <Coords points="1194,1298 1194,1358 1600,1358 1600,1298 1194,1298 1194,1298 1194,1298"/>
                    <TextEquiv>
                        <Unicode>remediatur</Unicode>
                    </TextEquiv>
                </Word>
                <Word id="r2l2_w4" custom="readingOrder {index:3;}">
                    <Coords points="1650,1286 1650,1346 2062,1346 2062,1286 1650,1286 1650,1286 1650,1286"/>
                    <TextEquiv>
                        <Unicode>infirmitas</Unicode>
                    </TextEquiv>
                </Word>
                <TextEquiv>
                    <Unicode>deletur et remediatur infirmitas</Unicode>
                </TextEquiv>
            </TextLine>
            <TextLine id="r2l3" custom="readingOrder {index:2;}">
                <Coords points="749,1528 1079,1502 1209,1542 1343,1493 1425,1551 1536,1480 1647,1519 1808,1476 1920,1526 2066,1492 2062,1337 1692,1411 1315,1352 966,1429 871,1372 746,1406"/>
                <Baseline points="758,1484 822,1484 887,1482 952,1480 1017,1478 1082,1476 1147,1474 1212,1472 1277,1470 1342,1468 1407,1467 1471,1465 1536,1463 1601,1461 1666,1460 1731,1458 1796,1456 1861,1454 1926,1454 1991,1452 2056,1450"/>
                <Word id="r2l3_w1" custom="readingOrder {index:0;}">
                    <Coords points="816,1442 816,1502 921,1502 921,1442 816,1442 816,1442 816,1442"/>
                    <TextEquiv>
                        <Unicode>amene</Unicode>
                    </TextEquiv>
                </Word>
                <Word id="r2l3_w2" custom="readingOrder {index:1;}">
                    <Coords points="954,1438 954,1498 1076,1498 1076,1438 954,1438 954,1438 954,1438"/>
                    <TextEquiv>
                        <Unicode>que</Unicode>
                    </TextEquiv>
                </Word>
                <Word id="r2l3_w3" custom="readingOrder {index:2;}">
                    <Coords points="1100,1434 1100,1494 1181,1494 1181,1434 1100,1434 1100,1434 1100,1434"/>
                    <TextEquiv>
                        <Unicode>est</Unicode>
                    </TextEquiv>
                </Word>
                <Word id="r2l3_w4" custom="readingOrder {index:3;}">
                    <Coords points="1206,1429 1206,1489 1376,1489 1376,1429 1206,1429 1206,1429 1206,1429"/>
                    <TextEquiv>
                        <Unicode>peccatum</Unicode>
                    </TextEquiv>
                </Word>
                <Word id="r2l3_w5" custom="readingOrder {index:4;}">
                    <Coords points="1392,1427 1392,1487 1410,1487 1410,1427 1392,1427 1392,1427 1392,1427"/>
                    <TextEquiv>
                        <Unicode>/</Unicode>
                    </TextEquiv>
                </Word>
                <Word id="r2l3_w6" custom="readingOrder {index:5;}">
                    <Coords points="1426,1424 1426,1484 1523,1484 1523,1424 1426,1424 1426,1424 1426,1424"/>
                    <TextEquiv>
                        <Unicode>sicut</Unicode>
                    </TextEquiv>
                </Word>
                <Word id="r2l3_w7" custom="readingOrder {index:6;}">
                    <Coords points="1539,1421 1539,1481 1604,1481 1604,1421 1539,1421 1539,1421 1539,1421"/>
                    <TextEquiv>
                        <Unicode>dicit</Unicode>
                    </TextEquiv>
                </Word>
                <Word id="r2l3_w8" custom="readingOrder {index:7;}">
                    <Coords points="1620,1419 1620,1479 1734,1479 1734,1419 1620,1419 1620,1419 1620,1419"/>
                    <TextEquiv>
                        <Unicode>grgus</Unicode>
                    </TextEquiv>
                </Word>
                <Word id="r2l3_w9" custom="readingOrder {index:8;}">
                    <Coords points="1750,1416 1750,1476 1815,1476 1815,1416 1750,1416 1750,1416 1750,1416"/>
                    <TextEquiv>
                        <Unicode>in</Unicode>
                    </TextEquiv>
                </Word>
                <Word id="r2l3_w10" custom="readingOrder {index:9;}">
                    <Coords points="1831,1413 1831,1473 2026,1473 2026,1413 1831,1413 1831,1413 1831,1413"/>
                    <TextEquiv>
                        <Unicode>poscio</Unicode>
                    </TextEquiv>
                </Word>
                <TextEquiv>
                    <Unicode>anime que est peccatum / sicut dicit gregorius in pastorali</Unicode>
                </TextEquiv>
            </TextLine>
            <TextLine id="r2l4" custom="readingOrder {index:3;} abbrev {offset:0; length:2;expansion:cura;} textStyle {offset:5; length:1;superscript:true;} sic {offset:7; length:6;correction:Vulnera;}">
                <Coords points="754,1619 1291,1607 1390,1662 1604,1590 2091,1612 2138,1605 2135,1489 1594,1530 1528,1491 1431,1548 1294,1504 1099,1552 1025,1505 751,1532"/>
                <Baseline points="762,1600 830,1601 898,1602 966,1602 1035,1602 1103,1600 1171,1598 1240,1596 1308,1594 1376,1592 1445,1590 1513,1587 1581,1584 1649,1582 1718,1578 1786,1576 1854,1574 1923,1571 1991,1570 2059,1568 2128,1568"/>
                <Word id="r2l4_w1" custom="readingOrder {index:0;}">
                    <Coords points="881,1562 881,1622 961,1622 961,1562 881,1562 881,1562 881,1562"/>
                    <TextEquiv>
                        <Unicode>3o</Unicode>
                    </TextEquiv>
                </Word>
                <Word id="r2l4_w2" custom="readingOrder {index:1;}">
                    <Coords points="1004,1559 1004,1619 1214,1619 1214,1559 1004,1559 1004,1559 1004,1559"/>
                    <TextEquiv>
                        <Unicode>vluera</Unicode>
                    </TextEquiv>
                </Word>
                <Word id="r2l4_w3" custom="readingOrder {index:2;}">
                    <Coords points="1256,1552 1256,1612 1447,1612 1447,1552 1256,1552 1256,1552 1256,1552"/>
                    <TextEquiv>
                        <Unicode>clausa</Unicode>
                    </TextEquiv>
                </Word>
                <Word id="r2l4_w4" custom="readingOrder {index:3;}">
                    <Coords points="1483,1545 1483,1605 1631,1605 1631,1545 1483,1545 1483,1545 1483,1545"/>
                    <TextEquiv>
                        <Unicode>plus</Unicode>
                    </TextEquiv>
                </Word>
                <Word id="r2l4_w5" custom="readingOrder {index:4;}">
                    <Coords points="1655,1536 1655,1596 1877,1596 1877,1536 1655,1536 1655,1536 1655,1536"/>
                    <TextEquiv>
                        <Unicode>cruciat</Unicode>
                    </TextEquiv>
                </Word>
                <Word id="r2l4_w6" custom="readingOrder {index:5;}">
                    <Coords points="1914,1529 1914,1589 2073,1589 2073,1529 1914,1529 1914,1529 1914,1529"/>
                    <TextEquiv>
                        <Unicode>nam</Unicode>
                    </TextEquiv>
                </Word>
                <TextEquiv>
                    <Unicode>c. 38o Vlnera clausa plus cruciant Nam</Unicode>
                </TextEquiv>
            </TextLine>
            <TextLine id="r2l5" custom="readingOrder {index:4;}">
                <Coords points="752,1740 1139,1724 1203,1776 1242,1735 2088,1704 2086,1637 2010,1610 1403,1665 912,1658 835,1616 750,1654"/>
                <Baseline points="762,1714 827,1714 893,1714 959,1714 1025,1712 1091,1712 1156,1711 1222,1710 1288,1708 1354,1708 1420,1706 1485,1704 1551,1704 1617,1701 1683,1700 1749,1698 1814,1696 1880,1694 1946,1692 2012,1688 2078,1686"/>
                <Word id="r2l5_w1" custom="readingOrder {index:0;}">
                    <Coords points="809,1674 809,1734 891,1734 891,1674 809,1674 809,1674 809,1674"/>
                    <TextEquiv>
                        <Unicode>cum</Unicode>
                    </TextEquiv>
                </Word>
                <Word id="r2l5_w2" custom="readingOrder {index:1;}">
                    <Coords points="914,1672 914,1732 1159,1732 1159,1672 914,1672 914,1672 914,1672"/>
                    <TextEquiv>
                        <Unicode>putredo</Unicode>
                    </TextEquiv>
                </Word>
                <Word id="r2l5_w3" custom="readingOrder {index:2;}">
                    <Coords points="1194,1668 1194,1728 1328,1728 1328,1668 1194,1668 1194,1668 1194,1668"/>
                    <TextEquiv>
                        <Unicode>que</Unicode>
                    </TextEquiv>
                </Word>
                <Word id="r2l5_w4" custom="readingOrder {index:3;}">
                    <Coords points="1374,1664 1374,1724 1561,1724 1561,1664 1374,1664 1374,1664 1374,1664"/>
                    <TextEquiv>
                        <Unicode>intus</Unicode>
                    </TextEquiv>
                </Word>
                <Word id="r2l5_w5" custom="readingOrder {index:4;}">
                    <Coords points="1584,1659 1584,1719 1806,1719 1806,1659 1584,1659 1584,1659 1584,1659"/>
                    <TextEquiv>
                        <Unicode>fernet</Unicode>
                    </TextEquiv>
                </Word>
                <Word id="r2l5_w6" custom="readingOrder {index:5;}">
                    <Coords points="1841,1652 1841,1712 2039,1712 2039,1652 1841,1652 1841,1652 1841,1652"/>
                    <TextEquiv>
                        <Unicode>eicitur</Unicode>
                    </TextEquiv>
                </Word>
                <TextEquiv>
                    <Unicode>cum putredo que intus fervet eicitur</Unicode>
                </TextEquiv>
            </TextLine>
            <TextLine id="r2l6" custom="readingOrder {index:5;}">
                <Coords points="741,1880 1331,1834 1460,1901 1547,1837 2191,1838 2172,1694 1855,1768 939,1732 740,1779"/>
                <Baseline points="750,1830 821,1828 893,1826 964,1824 1036,1822 1108,1821 1179,1820 1251,1818 1322,1818 1394,1818 1466,1816 1537,1816 1609,1816 1680,1814 1752,1814 1824,1814 1895,1812 1967,1812 2038,1811 2110,1810 2182,1808"/>
                <Word id="r2l6_w1" custom="readingOrder {index:0;}">
                    <Coords points="798,1787 798,1847 859,1847 859,1787 798,1787 798,1787 798,1787"/>
                    <TextEquiv>
                        <Unicode>ad</Unicode>
                    </TextEquiv>
                </Word>
                <Word id="r2l6_w2" custom="readingOrder {index:1;}">
                    <Coords points="879,1782 879,1842 1147,1842 1147,1782 879,1782 879,1782 879,1782"/>
                    <TextEquiv>
                        <Unicode>salutem</Unicode>
                    </TextEquiv>
                </Word>
                <Word id="r2l6_w3" custom="readingOrder {index:2;}">
                    <Coords points="1174,1778 1174,1838 1325,1838 1325,1778 1174,1778 1174,1778 1174,1778"/>
                    <TextEquiv>
                        <Unicode>dolor</Unicode>
                    </TextEquiv>
                </Word>
                <Word id="r2l6_w4" custom="readingOrder {index:3;}">
                    <Coords points="1372,1776 1372,1836 1584,1836 1584,1776 1372,1776 1372,1776 1372,1776"/>
                    <TextEquiv>
                        <Unicode>aperitur</Unicode>
                    </TextEquiv>
                </Word>
                <Word id="r2l6_w5" custom="readingOrder {index:4;}">
                    <Coords points="1605,1774 1605,1834 1694,1834 1694,1774 1605,1774 1605,1774 1605,1774"/>
                    <TextEquiv>
                        <Unicode>ita</Unicode>
                    </TextEquiv>
                </Word>
                <Word id="r2l6_w6" custom="readingOrder {index:5;}">
                    <Coords points="1742,1774 1742,1834 1803,1834 1803,1774 1742,1774 1742,1774 1742,1774"/>
                    <TextEquiv>
                        <Unicode>in</Unicode>
                    </TextEquiv>
                </Word>
                <Word id="r2l6_w7" custom="readingOrder {index:6;}">
                    <Coords points="1823,1771 1823,1831 2132,1831 2132,1771 1823,1771 1823,1771 1823,1771"/>
                    <TextEquiv>
                        <Unicode>confessione</Unicode>
                    </TextEquiv>
                </Word>
                <TextEquiv>
                    <Unicode>ad salutem dolor aperitur ita in confessione</Unicode>
                </TextEquiv>
            </TextLine>
            <TextLine id="r2l7" custom="readingOrder {index:6;} textStyle {offset:25; length:1;superscript:true;}">
                <Coords points="763,1966 910,1962 1029,2026 1230,1947 1334,1997 1582,1938 1671,1982 1745,1943 2118,1955 2094,1858 1749,1829 1467,1894 1335,1844 1018,1900 945,1857 762,1877"/>
                <Baseline points="772,1952 838,1948 905,1944 972,1943 1039,1940 1106,1938 1172,1936 1239,1934 1306,1934 1373,1932 1440,1932 1506,1930 1573,1930 1640,1930 1707,1930 1774,1930 1840,1930 1907,1930 1974,1930 2041,1930 2108,1930"/>
                <Word id="r2l7_w1" custom="readingOrder {index:0;}">
                    <Coords points="825,1903 825,1963 1021,1963 1021,1903 825,1903 825,1903 825,1903"/>
                    <TextEquiv>
                        <Unicode>eicitur</Unicode>
                    </TextEquiv>
                </Word>
                <Word id="r2l7_w2" custom="readingOrder {index:1;}">
                    <Coords points="1059,1895 1059,1955 1310,1955 1310,1895 1059,1895 1059,1895 1059,1895"/>
                    <TextEquiv>
                        <Unicode>putreda</Unicode>
                    </TextEquiv>
                </Word>
                <Word id="r2l7_w3" custom="readingOrder {index:2;}">
                    <Coords points="1341,1892 1341,1952 1457,1952 1457,1892 1341,1892 1341,1892 1341,1892"/>
                    <TextEquiv>
                        <Unicode>peccati</Unicode>
                    </TextEquiv>
                </Word>
                <Word id="r2l7_w4" custom="readingOrder {index:3;}">
                    <Coords points="1506,1890 1506,1950 1580,1950 1580,1890 1506,1890 1506,1890 1506,1890"/>
                    <TextEquiv>
                        <Unicode>3a</Unicode>
                    </TextEquiv>
                </Word>
                <Word id="r2l7_w5" custom="readingOrder {index:4;}">
                    <Coords points="1617,1890 1617,1950 1869,1950 1869,1890 1617,1890 1617,1890 1617,1890"/>
                    <TextEquiv>
                        <Unicode>utilitas</Unicode>
                    </TextEquiv>
                </Word>
                <Word id="r2l7_w6" custom="readingOrder {index:5;}">
                    <Coords points="1906,1890 1906,1950 1943,1950 1943,1890 1906,1890 1906,1890 1906,1890"/>
                    <TextEquiv>
                        <Unicode>est</Unicode>
                    </TextEquiv>
                </Word>
                <Word id="r2l7_w7" custom="readingOrder {index:6;}">
                    <Coords points="1961,1890 1961,1950 2084,1950 2084,1890 1961,1890 1961,1890 1961,1890"/>
                    <TextEquiv>
                        <Unicode>con¬</Unicode>
                    </TextEquiv>
                </Word>
                <TextEquiv>
                    <Unicode>eicitur putredo peccati 3a utilitas est con¬</Unicode>
                </TextEquiv>
            </TextLine>
            <TextLine id="r2l8" custom="readingOrder {index:7;}">
                <Coords points="772,2127 1004,2088 1074,2138 1326,2068 1391,2103 1557,2069 1607,2118 1848,2069 1906,2109 2113,2071 2112,1991 770,1998"/>
                <Baseline points="780,2076 846,2074 912,2072 978,2070 1044,2069 1111,2066 1177,2064 1243,2063 1309,2062 1375,2060 1442,2058 1508,2057 1574,2056 1640,2054 1706,2054 1773,2052 1839,2052 1905,2050 1971,2050 2037,2050 2104,2050"/>
                <Word id="r2l8_w1" custom="readingOrder {index:0;}">
                    <Coords points="810,2032 810,2092 989,2092 989,2032 810,2032 810,2032 810,2032"/>
                    <TextEquiv>
                        <Unicode>fessio</Unicode>
                    </TextEquiv>
                </Word>
                <Word id="r2l8_w2" custom="readingOrder {index:1;}">
                    <Coords points="1035,2023 1035,2083 1323,2083 1323,2023 1035,2023 1035,2023 1035,2023"/>
                    <TextEquiv>
                        <Unicode>infundit</Unicode>
                    </TextEquiv>
                </Word>
                <Word id="r2l8_w3" custom="readingOrder {index:2;}">
                    <Coords points="1367,2017 1367,2077 1565,2077 1565,2017 1367,2017 1367,2017 1367,2017"/>
                    <TextEquiv>
                        <Unicode>homini</Unicode>
                    </TextEquiv>
                </Word>
                <Word id="r2l8_w4" custom="readingOrder {index:3;}">
                    <Coords points="1598,2014 1598,2074 1802,2074 1802,2014 1598,2014 1598,2014 1598,2014"/>
                    <TextEquiv>
                        <Unicode>graciam</Unicode>
                    </TextEquiv>
                </Word>
                <Word id="r2l8_w5" custom="readingOrder {index:4;}">
                    <Coords points="1827,2012 1827,2072 1847,2072 1847,2012 1827,2012 1827,2012 1827,2012"/>
                    <TextEquiv>
                        <Unicode>/</Unicode>
                    </TextEquiv>
                </Word>
                <Word id="r2l8_w6" custom="readingOrder {index:5;}">
                    <Coords points="1860,2010 1860,2070 2077,2070 2077,2010 1860,2010 1860,2010 1860,2010"/>
                    <TextEquiv>
                        <Unicode>quam</Unicode>
                    </TextEquiv>
                </Word>
                <TextEquiv>
                    <Unicode>fessio infundit homini graciam / quam</Unicode>
                </TextEquiv>
            </TextLine>
            <TextLine id="r2l9" custom="readingOrder {index:8;}">
                <Coords points="750,2283 951,2217 1089,2273 1309,2197 2072,2207 2119,2187 2117,2088 1407,2130 1320,2069 1231,2126 1071,2144 933,2091 747,2146"/>
                <Baseline points="758,2196 825,2196 893,2193 960,2192 1028,2190 1096,2188 1163,2186 1231,2185 1298,2184 1366,2182 1434,2180 1501,2180 1569,2178 1636,2178 1704,2176 1771,2176 1839,2174 1907,2174 1974,2174 2042,2172 2110,2172"/>
                <Word id="r2l9_w1" custom="readingOrder {index:0;}">
                    <Coords points="795,2152 795,2212 1054,2212 1054,2152 795,2152 795,2152 795,2152"/>
                    <TextEquiv>
                        <Unicode>pedidit</Unicode>
                    </TextEquiv>
                </Word>
                <Word id="r2l9_w2" custom="readingOrder {index:1;}">
                    <Coords points="1099,2146 1099,2206 1188,2206 1188,2146 1099,2146 1099,2146 1099,2146"/>
                    <TextEquiv>
                        <Unicode>per</Unicode>
                    </TextEquiv>
                </Word>
                <Word id="r2l9_w3" custom="readingOrder {index:2;}">
                    <Coords points="1195,2144 1195,2204 1358,2204 1358,2144 1195,2144 1195,2144 1195,2144"/>
                    <TextEquiv>
                        <Unicode>pecctum</Unicode>
                    </TextEquiv>
                </Word>
                <Word id="r2l9_w4" custom="readingOrder {index:3;}">
                    <Coords points="1380,2141 1380,2201 1403,2201 1403,2141 1380,2141 1380,2141 1380,2141"/>
                    <TextEquiv>
                        <Unicode>/</Unicode>
                    </TextEquiv>
                </Word>
                <Word id="r2l9_w5" custom="readingOrder {index:4;}">
                    <Coords points="1417,2140 1417,2200 1573,2200 1573,2140 1417,2140 1417,2140 1417,2140"/>
                    <TextEquiv>
                        <Unicode>ymo</Unicode>
                    </TextEquiv>
                </Word>
                <Word id="r2l9_w6" custom="readingOrder {index:5;}">
                    <Coords points="1602,2136 1602,2196 1898,2196 1898,2136 1602,2136 1602,2136 1602,2136"/>
                    <TextEquiv>
                        <Unicode>restituit</Unicode>
                    </TextEquiv>
                </Word>
                <Word id="r2l9_w7" custom="readingOrder {index:6;}">
                    <Coords points="1913,2133 1913,2193 2083,2193 2083,2133 1913,2133 1913,2133 1913,2133"/>
                    <TextEquiv>
                        <Unicode>edei</Unicode>
                    </TextEquiv>
                </Word>
                <TextEquiv>
                    <Unicode>perdidit per peccatum / ymo restituit ei dei</Unicode>
                </TextEquiv>
            </TextLine>
            <TextLine id="r2l10" custom="readingOrder {index:9;}">
                <Coords points="754,2378 899,2329 2097,2321 2094,2221 1981,2188 1912,2229 1631,2198 1449,2253 1248,2227 752,2284"/>
                <Baseline points="762,2324 828,2320 894,2318 960,2316 1026,2314 1093,2312 1159,2310 1225,2309 1291,2308 1357,2306 1424,2306 1490,2304 1556,2302 1622,2302 1688,2300 1755,2298 1821,2296 1887,2296 1953,2294 2019,2292 2086,2290"/>
                <Word id="r2l10_w1" custom="readingOrder {index:0;}">
                    <Coords points="793,2276 793,2336 1068,2336 1068,2276 793,2276 793,2276 793,2276"/>
                    <TextEquiv>
                        <Unicode>amicicia</Unicode>
                    </TextEquiv>
                </Word>
                <Word id="r2l10_w2" custom="readingOrder {index:1;}">
                    <Coords points="1100,2271 1100,2331 1127,2331 1127,2271 1100,2271 1100,2271 1100,2271"/>
                    <TextEquiv>
                        <Unicode>/</Unicode>
                    </TextEquiv>
                </Word>
                <Word id="r2l10_w3" custom="readingOrder {index:2;}">
                    <Coords points="1140,2269 1140,2329 1264,2329 1264,2269 1140,2269 1140,2269 1140,2269"/>
                    <TextEquiv>
                        <Unicode>aut</Unicode>
                    </TextEquiv>
                </Word>
                <Word id="r2l10_w4" custom="readingOrder {index:3;}">
                    <Coords points="1316,2266 1316,2326 1518,2326 1518,2266 1316,2266 1316,2266 1316,2266"/>
                    <TextEquiv>
                        <Unicode>auget</Unicode>
                    </TextEquiv>
                </Word>
                <Word id="r2l10_w5" custom="readingOrder {index:4;}">
                    <Coords points="1551,2262 1551,2322 1630,2322 1630,2262 1551,2262 1551,2262 1551,2262"/>
                    <TextEquiv>
                        <Unicode>eam</Unicode>
                    </TextEquiv>
                </Word>
                <Word id="r2l10_w6" custom="readingOrder {index:5;}">
                    <Coords points="1643,2261 1643,2321 1649,2321 1649,2261 1643,2261 1643,2261 1643,2261"/>
                    <TextEquiv>
                        <Unicode>/</Unicode>
                    </TextEquiv>
                </Word>
                <Word id="r2l10_w7" custom="readingOrder {index:6;}">
                    <Coords points="1662,2259 1662,2319 1754,2319 1754,2259 1662,2259 1662,2259 1662,2259"/>
                    <TextEquiv>
                        <Unicode>sicut</Unicode>
                    </TextEquiv>
                </Word>
                <Word id="r2l10_w8" custom="readingOrder {index:7;}">
                    <Coords points="1786,2256 1786,2316 1858,2316 1858,2256 1786,2256 1786,2256 1786,2256"/>
                    <TextEquiv>
                        <Unicode>in</Unicode>
                    </TextEquiv>
                </Word>
                <Word id="r2l10_w9" custom="readingOrder {index:8;}">
                    <Coords points="1878,2254 1878,2314 2028,2314 2028,2254 1878,2254 1878,2254 1878,2254"/>
                    <TextEquiv>
                        <Unicode>aliis</Unicode>
                    </TextEquiv>
                </Word>
                <TextEquiv>
                    <Unicode>amiciciam / aut auget eam / sicut in aliis</Unicode>
                </TextEquiv>
            </TextLine>
            <TextLine id="r2l11" custom="readingOrder {index:10;}">
                <Coords points="784,2477 967,2497 1227,2437 1404,2477 1628,2448 1703,2490 1797,2438 1966,2465 2082,2441 2079,2325 1743,2386 1482,2337 1053,2392 943,2335 781,2364"/>
                <Baseline points="792,2452 856,2448 920,2444 984,2442 1048,2439 1112,2436 1176,2434 1240,2432 1304,2432 1368,2430 1432,2429 1496,2428 1560,2427 1624,2426 1688,2425 1752,2424 1816,2422 1880,2420 1944,2419 2008,2416 2072,2414"/>
                <Word id="r2l11_w1" custom="readingOrder {index:0;}">
                    <Coords points="826,2404 826,2464 987,2464 987,2404 826,2404 826,2404 826,2404"/>
                    <TextEquiv>
                        <Unicode>sacramentis</Unicode>
                    </TextEquiv>
                </Word>
                <Word id="r2l11_w2" custom="readingOrder {index:1;}">
                    <Coords points="1012,2398 1012,2458 1124,2458 1124,2398 1012,2398 1012,2398 1012,2398"/>
                    <TextEquiv>
                        <Unicode>gracia</Unicode>
                    </TextEquiv>
                </Word>
                <Word id="r2l11_w3" custom="readingOrder {index:2;}">
                    <Coords points="1161,2392 1161,2452 1322,2452 1322,2392 1161,2392 1161,2392 1161,2392"/>
                    <TextEquiv>
                        <Unicode>datur</Unicode>
                    </TextEquiv>
                </Word>
                <Word id="r2l11_w4" custom="readingOrder {index:3;}">
                    <Coords points="1353,2390 1353,2450 1372,2450 1372,2390 1353,2390 1353,2390 1353,2390"/>
                    <TextEquiv>
                        <Unicode>/</Unicode>
                    </TextEquiv>
                </Word>
                <Word id="r2l11_w5" custom="readingOrder {index:4;}">
                    <Coords points="1390,2388 1390,2448 1490,2448 1490,2388 1390,2388 1390,2388 1390,2388"/>
                    <TextEquiv>
                        <Unicode>vel</Unicode>
                    </TextEquiv>
                </Word>
                <Word id="r2l11_w6" custom="readingOrder {index:5;}">
                    <Coords points="1520,2386 1520,2446 1644,2446 1644,2386 1520,2386 1520,2386 1520,2386"/>
                    <TextEquiv>
                        <Unicode>data</Unicode>
                    </TextEquiv>
                </Word>
                <Word id="r2l11_w7" custom="readingOrder {index:6;}">
                    <Coords points="1676,2384 1676,2444 1812,2444 1812,2384 1676,2384 1676,2384 1676,2384"/>
                    <TextEquiv>
                        <Unicode>prius</Unicode>
                    </TextEquiv>
                </Word>
                <Word id="r2l11_w8" custom="readingOrder {index:7;}">
                    <Coords points="1837,2379 1837,2439 2035,2439 2035,2379 1837,2379 1837,2379 1837,2379"/>
                    <TextEquiv>
                        <Unicode>augetur</Unicode>
                    </TextEquiv>
                </Word>
                <TextEquiv>
                    <Unicode>sacramentis gracia datur / vel data prius augetur</Unicode>
                </TextEquiv>
            </TextLine>
            <TextLine id="r2l12" custom="readingOrder {index:11;}">
                <Coords points="754,2605 2115,2578 2149,2447 752,2512"/>
                <Baseline points="764,2568 832,2566 901,2564 970,2562 1039,2560 1108,2558 1177,2556 1246,2556 1315,2554 1384,2552 1453,2550 1521,2550 1590,2548 1659,2546 1728,2546 1797,2544 1866,2542 1935,2541 2004,2540 2073,2538 2142,2538"/>
                <Word id="r2l12_w1" custom="readingOrder {index:0;}">
                    <Coords points="785,2524 785,2584 960,2584 960,2524 785,2524 785,2524 785,2524"/>
                    <TextEquiv>
                        <Unicode>nova</Unicode>
                    </TextEquiv>
                </Word>
                <Word id="r2l12_w2" custom="readingOrder {index:1;}">
                    <Coords points="1010,2518 1010,2578 1185,2578 1185,2518 1010,2518 1010,2518 1010,2518"/>
                    <TextEquiv>
                        <Unicode>legis</Unicode>
                    </TextEquiv>
                </Word>
                <Word id="r2l12_w3" custom="readingOrder {index:2;}">
                    <Coords points="1207,2515 1207,2575 1294,2575 1294,2515 1207,2515 1207,2515 1207,2515"/>
                    <TextEquiv>
                        <Unicode>ita</Unicode>
                    </TextEquiv>
                </Word>
                <Word id="r2l12_w4" custom="readingOrder {index:3;}">
                    <Coords points="1331,2512 1331,2572 1404,2572 1404,2512 1331,2512 1331,2512 1331,2512"/>
                    <TextEquiv>
                        <Unicode>in</Unicode>
                    </TextEquiv>
                </Word>
                <Word id="r2l12_w5" custom="readingOrder {index:4;}">
                    <Coords points="1418,2507 1418,2567 1818,2567 1818,2507 1418,2507 1418,2507 1418,2507"/>
                    <TextEquiv>
                        <Unicode>cenfessione</Unicode>
                    </TextEquiv>
                </Word>
                <Word id="r2l12_w6" custom="readingOrder {index:5;}">
                    <Coords points="1855,2500 1855,2560 2051,2560 2051,2500 1855,2500 1855,2500 1855,2500"/>
                    <TextEquiv>
                        <Unicode>sacramonei</Unicode>
                    </TextEquiv>
                </Word>
                <Word id="r2l12_w7" custom="readingOrder {index:6;}">
                    <Coords points="2066,2498 2066,2558 2161,2558 2161,2498 2066,2498 2066,2498 2066,2498"/>
                    <TextEquiv>
                        <Unicode>U,</Unicode>
                    </TextEquiv>
                </Word>
                <TextEquiv>
                    <Unicode>nova legis ita in cenfessione sacramentali Unde</Unicode>
                </TextEquiv>
            </TextLine>
            <TextLine id="r2l13" custom="readingOrder {index:12;}">
                <Coords points="764,2703 911,2711 969,2767 1150,2702 1526,2769 1761,2702 2143,2715 2141,2576 2103,2572 1263,2629 763,2604"/>
                <Baseline points="774,2690 841,2690 909,2688 977,2686 1045,2684 1113,2682 1181,2682 1249,2680 1317,2680 1385,2679 1453,2678 1520,2678 1588,2678 1656,2676 1724,2676 1792,2676 1860,2676 1928,2676 1996,2676 2064,2676 2132,2676"/>
                <Word id="r2l13_w1" custom="readingOrder {index:0;}">
                    <Coords points="786,2649 786,2709 932,2709 932,2649 786,2649 786,2649 786,2649"/>
                    <TextEquiv>
                        <Unicode>dicit</Unicode>
                    </TextEquiv>
                </Word>
                <Word id="r2l13_w2" custom="readingOrder {index:1;}">
                    <Coords points="966,2642 966,2702 1341,2702 1341,2642 966,2642 966,2642 966,2642"/>
                    <TextEquiv>
                        <Unicode>cassondorus</Unicode>
                    </TextEquiv>
                </Word>
                <Word id="r2l13_w3" custom="readingOrder {index:2;}">
                    <Coords points="1366,2638 1366,2698 1563,2698 1563,2638 1366,2638 1366,2638 1366,2638"/>
                    <TextEquiv>
                        <Unicode>super</Unicode>
                    </TextEquiv>
                </Word>
                <Word id="r2l13_w4" custom="readingOrder {index:3;}">
                    <Coords points="1572,2637 1572,2697 1631,2697 1631,2637 1572,2637 1572,2637 1572,2637"/>
                    <TextEquiv>
                        <Unicode>id</Unicode>
                    </TextEquiv>
                </Word>
                <Word id="r2l13_w5" custom="readingOrder {index:4;}">
                    <Coords points="1665,2636 1665,2696 1785,2696 1785,2636 1665,2636 1665,2636 1665,2636"/>
                    <TextEquiv>
                        <Unicode>psalmi</Unicode>
                    </TextEquiv>
                </Word>
                <Word id="r2l13_w6" custom="readingOrder {index:5;}">
                    <Coords points="1819,2636 1819,2696 2126,2696 2126,2636 1819,2636 1819,2636 1819,2636"/>
                    <TextEquiv>
                        <Unicode>Confitents</Unicode>
                    </TextEquiv>
                </Word>
                <TextEquiv>
                    <Unicode>dicit cassiodorus super illud psalmi Confiteantur</Unicode>
                </TextEquiv>
            </TextLine>
            <TextLine id="r2l14" custom="readingOrder {index:13;}">
                <Coords points="762,2838 937,2895 1031,2838 1288,2826 1585,2832 1663,2882 2113,2797 2086,2711 1445,2769 1327,2708 979,2770 828,2722 760,2764"/>
                <Baseline points="770,2820 836,2820 903,2820 969,2818 1036,2818 1103,2816 1169,2816 1236,2815 1302,2814 1369,2812 1436,2812 1502,2810 1569,2808 1635,2806 1702,2804 1768,2802 1835,2800 1902,2797 1968,2794 2035,2790 2102,2786"/>
                <Word id="r2l14_w1" custom="readingOrder {index:0;}">
                    <Coords points="794,2780 794,2840 915,2840 915,2780 794,2780 794,2780 794,2780"/>
                    <TextEquiv>
                        <Unicode>tibi</Unicode>
                    </TextEquiv>
                </Word>
                <Word id="r2l14_w2" custom="readingOrder {index:1;}">
                    <Coords points="930,2778 930,2838 960,2838 960,2778 930,2778 930,2778 930,2778"/>
                    <TextEquiv>
                        <Unicode>pa</Unicode>
                    </TextEquiv>
                </Word>
                <Word id="r2l14_w3" custom="readingOrder {index:2;}">
                    <Coords points="967,2778 967,2838 1066,2838 1066,2778 967,2778 967,2778 967,2778"/>
                    <TextEquiv>
                        <Unicode>pli</Unicode>
                    </TextEquiv>
                </Word>
                <Word id="r2l14_w4" custom="readingOrder {index:3;}">
                    <Coords points="1088,2775 1088,2835 1255,2835 1255,2775 1088,2775 1088,2775 1088,2775"/>
                    <TextEquiv>
                        <Unicode>deus</Unicode>
                    </TextEquiv>
                </Word>
                <Word id="r2l14_w5" custom="readingOrder {index:4;}">
                    <Coords points="1270,2774 1270,2834 1284,2834 1284,2774 1270,2774 1270,2774 1270,2774"/>
                    <TextEquiv>
                        <Unicode>/</Unicode>
                    </TextEquiv>
                </Word>
                <Word id="r2l14_w6" custom="readingOrder {index:5;}">
                    <Coords points="1299,2772 1299,2832 1405,2832 1405,2772 1299,2772 1299,2772 1299,2772"/>
                    <TextEquiv>
                        <Unicode>Ille</Unicode>
                    </TextEquiv>
                </Word>
                <Word id="r2l14_w7" custom="readingOrder {index:6;}">
                    <Coords points="1436,2770 1436,2830 1533,2830 1533,2770 1436,2770 1436,2770 1436,2770"/>
                    <TextEquiv>
                        <Unicode>non</Unicode>
                    </TextEquiv>
                </Word>
                <Word id="r2l14_w8" custom="readingOrder {index:7;}">
                    <Coords points="1564,2765 1564,2825 1730,2825 1730,2765 1564,2765 1564,2765 1564,2765"/>
                    <TextEquiv>
                        <Unicode>iudex</Unicode>
                    </TextEquiv>
                </Word>
                <Word id="r2l14_w9" custom="readingOrder {index:8;}">
                    <Coords points="1783,2760 1783,2820 1873,2820 1873,2760 1783,2760 1783,2760 1783,2760"/>
                    <TextEquiv>
                        <Unicode>sed</Unicode>
                    </TextEquiv>
                </Word>
                <Word id="r2l14_w10" custom="readingOrder {index:9;}">
                    <Coords points="1919,2751 1919,2811 2099,2811 2099,2751 1919,2751 1919,2751 1919,2751"/>
                    <TextEquiv>
                        <Unicode>advo¬</Unicode>
                    </TextEquiv>
                </Word>
                <TextEquiv>
                    <Unicode>tibi populi deus / Ille non iudex sed advo¬</Unicode>
                </TextEquiv>
            </TextLine>
            <TextLine id="r2l15" custom="readingOrder {index:14;}">
                <Coords points="776,2974 1119,3007 1298,2953 1483,3019 1710,2936 1925,2979 2145,2939 2142,2830 2094,2822 1916,2811 1668,2882 1282,2831 935,2899 773,2852"/>
                <Baseline points="786,2948 853,2946 920,2946 988,2944 1055,2944 1123,2942 1190,2940 1257,2939 1325,2938 1392,2936 1460,2934 1527,2932 1594,2930 1662,2928 1729,2926 1797,2924 1864,2922 1931,2920 1999,2918 2066,2916 2134,2914"/>
                <Word id="r2l15_w1" custom="readingOrder {index:0;}">
                    <Coords points="805,2906 805,2966 992,2966 992,2906 805,2906 805,2906 805,2906"/>
                    <TextEquiv>
                        <Unicode>catus</Unicode>
                    </TextEquiv>
                </Word>
                <Word id="r2l15_w2" custom="readingOrder {index:1;}">
                    <Coords points="1025,2903 1025,2963 1110,2963 1110,2903 1025,2903 1025,2903 1025,2903"/>
                    <TextEquiv>
                        <Unicode>est</Unicode>
                    </TextEquiv>
                </Word>
                <Word id="r2l15_w3" custom="readingOrder {index:2;}">
                    <Coords points="1127,2899 1127,2959 1330,2959 1330,2899 1127,2899 1127,2899 1127,2899"/>
                    <TextEquiv>
                        <Unicode>christus</Unicode>
                    </TextEquiv>
                </Word>
                <Word id="r2l15_w4" custom="readingOrder {index:3;}">
                    <Coords points="1356,2896 1356,2956 1374,2956 1374,2896 1356,2896 1356,2896 1356,2896"/>
                    <TextEquiv>
                        <Unicode>/</Unicode>
                    </TextEquiv>
                </Word>
                <Word id="r2l15_w5" custom="readingOrder {index:4;}">
                    <Coords points="1390,2894 1390,2954 1509,2954 1509,2894 1390,2894 1390,2894 1390,2894"/>
                    <TextEquiv>
                        <Unicode>qui</Unicode>
                    </TextEquiv>
                </Word>
                <Word id="r2l15_w6" custom="readingOrder {index:5;}">
                    <Coords points="1526,2891 1526,2951 1577,2951 1577,2891 1526,2891 1526,2891 1526,2891"/>
                    <TextEquiv>
                        <Unicode>se</Unicode>
                    </TextEquiv>
                </Word>
                <Word id="r2l15_w7" custom="readingOrder {index:6;}">
                    <Coords points="1603,2888 1603,2948 1704,2948 1704,2888 1603,2888 1603,2888 1603,2888"/>
                    <TextEquiv>
                        <Unicode>propra</Unicode>
                    </TextEquiv>
                </Word>
                <Word id="r2l15_w8" custom="readingOrder {index:7;}">
                    <Coords points="1738,2879 1738,2939 2128,2939 2128,2879 1738,2879 1738,2879 1738,2879"/>
                    <TextEquiv>
                        <Unicode>confessione</Unicode>
                    </TextEquiv>
                </Word>
                <TextEquiv>
                    <Unicode>catus est Cristus / qui se propria confessione</Unicode>
                </TextEquiv>
            </TextLine>
            <TextLine id="r2l16" custom="readingOrder {index:15;}">
                <Coords points="785,3115 892,3143 1169,3070 1445,3111 1491,3068 1864,3115 2132,3070 2130,2975 1953,2990 1822,2938 1536,3021 1289,2973 1042,3017 782,2991"/>
                <Baseline points="794,3070 860,3070 926,3072 993,3072 1059,3071 1126,3070 1192,3068 1258,3068 1325,3066 1391,3064 1458,3062 1524,3060 1590,3057 1657,3056 1723,3054 1790,3052 1856,3050 1922,3048 1989,3048 2055,3046 2122,3046"/>
                <Word id="r2l16_w1" custom="readingOrder {index:0;}">
                    <Coords points="799,3032 799,3092 1136,3092 1136,3032 799,3032 799,3032 799,3032"/>
                    <TextEquiv>
                        <Unicode>dapnavit</Unicode>
                    </TextEquiv>
                </Word>
                <Word id="r2l16_w2" custom="readingOrder {index:1;}">
                    <Coords points="1185,3028 1185,3088 1256,3088 1256,3028 1185,3028 1185,3028 1185,3028"/>
                    <TextEquiv>
                        <Unicode>Et</Unicode>
                    </TextEquiv>
                </Word>
                <Word id="r2l16_w3" custom="readingOrder {index:2;}">
                    <Coords points="1284,3025 1284,3085 1375,3085 1375,3025 1284,3025 1284,3025 1284,3025"/>
                    <TextEquiv>
                        <Unicode>leo</Unicode>
                    </TextEquiv>
                </Word>
                <Word id="r2l16_w4" custom="readingOrder {index:3;}">
                    <Coords points="1411,3022 1411,3082 1494,3082 1494,3022 1411,3022 1411,3022 1411,3022"/>
                    <TextEquiv>
                        <Unicode>propter</Unicode>
                    </TextEquiv>
                </Word>
                <Word id="r2l16_w5" custom="readingOrder {index:4;}">
                    <Coords points="1523,3018 1523,3078 1600,3078 1600,3018 1523,3018 1523,3018 1523,3018"/>
                    <TextEquiv>
                        <Unicode>in</Unicode>
                    </TextEquiv>
                </Word>
                <Word id="r2l16_w6" custom="readingOrder {index:5;}">
                    <Coords points="1615,3013 1615,3073 1860,3073 1860,3013 1615,3013 1615,3013 1615,3013"/>
                    <TextEquiv>
                        <Unicode>quodam</Unicode>
                    </TextEquiv>
                </Word>
                <Word id="r2l16_w7" custom="readingOrder {index:6;}">
                    <Coords points="1874,3007 1874,3067 2120,3067 2120,3007 1874,3007 1874,3007 1874,3007"/>
                    <TextEquiv>
                        <Unicode>sermone</Unicode>
                    </TextEquiv>
                </Word>
                <TextEquiv>
                    <Unicode>dampnavit Et leo papa in quodam sermone</Unicode>
                </TextEquiv>
            </TextLine>
            <TextLine id="r2l17" custom="readingOrder {index:16;} sic {offset:4; length:8;correction:remanet;}">
                <Coords points="762,3227 1030,3203 1105,3258 1190,3211 1537,3202 1729,3253 1950,3183 2109,3209 2107,3083 1841,3125 1729,3068 1557,3140 1190,3083 893,3143 759,3113"/>
                <Baseline points="770,3192 836,3192 902,3192 969,3192 1035,3192 1102,3192 1168,3191 1234,3190 1301,3190 1367,3188 1434,3186 1500,3185 1566,3184 1633,3182 1699,3179 1766,3178 1832,3175 1898,3172 1965,3170 2031,3168 2098,3164"/>
                <Word id="r2l17_w1" custom="readingOrder {index:0;}">
                    <Coords points="823,3152 823,3212 967,3212 967,3152 823,3152 823,3152 823,3152"/>
                    <TextEquiv>
                        <Unicode>Non</Unicode>
                    </TextEquiv>
                </Word>
                <Word id="r2l17_w2" custom="readingOrder {index:1;}">
                    <Coords points="987,3151 987,3211 1218,3211 1218,3151 987,3151 987,3151 987,3151"/>
                    <TextEquiv>
                        <Unicode>remonent</Unicode>
                    </TextEquiv>
                </Word>
                <Word id="r2l17_w3" custom="readingOrder {index:2;}">
                    <Coords points="1259,3146 1259,3206 1545,3206 1545,3146 1259,3146 1259,3146 1259,3146"/>
                    <TextEquiv>
                        <Unicode>mudico</Unicode>
                    </TextEquiv>
                </Word>
                <Word id="r2l17_w4" custom="readingOrder {index:3;}">
                    <Coords points="1594,3135 1594,3195 2064,3195 2064,3135 1594,3135 1594,3135 1594,3135"/>
                    <TextEquiv>
                        <Unicode>condemprnandum</Unicode>
                    </TextEquiv>
                </Word>
                <TextEquiv>
                    <Unicode>Non remonent in iudicio condempnandum</Unicode>
                </TextEquiv>
            </TextLine>
            <TextLine id="r2l18" custom="readingOrder {index:17;}">
                <Coords points="780,3340 1011,3366 1259,3314 1404,3370 1541,3330 1810,3379 2032,3307 2103,3338 2073,3220 1693,3262 1551,3210 1319,3258 1198,3214 1105,3258 779,3224"/>
                <Baseline points="790,3308 855,3308 920,3306 985,3306 1050,3306 1116,3306 1181,3308 1246,3308 1311,3308 1376,3308 1442,3308 1507,3308 1572,3308 1637,3306 1702,3306 1768,3304 1833,3302 1898,3299 1963,3296 2028,3292 2094,3286"/>
                <Word id="r2l18_w1" custom="readingOrder {index:0;}">
                    <Coords points="805,3266 805,3326 975,3326 975,3266 805,3266 805,3266 805,3266"/>
                    <TextEquiv>
                        <Unicode>quod</Unicode>
                    </TextEquiv>
                </Word>
                <Word id="r2l18_w2" custom="readingOrder {index:1;}">
                    <Coords points="1012,3266 1012,3326 1153,3326 1153,3266 1012,3266 1012,3266 1012,3266"/>
                    <TextEquiv>
                        <Unicode>fuit</Unicode>
                    </TextEquiv>
                </Word>
                <Word id="r2l18_w3" custom="readingOrder {index:2;}">
                    <Coords points="1189,3268 1189,3328 1263,3328 1263,3268 1189,3268 1189,3268 1189,3268"/>
                    <TextEquiv>
                        <Unicode>in</Unicode>
                    </TextEquiv>
                </Word>
                <Word id="r2l18_w4" custom="readingOrder {index:3;}">
                    <Coords points="1278,3268 1278,3328 1676,3328 1676,3268 1278,3268 1278,3268 1278,3268"/>
                    <TextEquiv>
                        <Unicode>confessione</Unicode>
                    </TextEquiv>
                </Word>
                <Word id="r2l18_w5" custom="readingOrder {index:4;}">
                    <Coords points="1706,3258 1706,3318 2104,3318 2104,3258 1706,3258 1706,3258 1706,3258"/>
                    <TextEquiv>
                        <Unicode>purgatum</Unicode>
                    </TextEquiv>
                </Word>
                <TextEquiv>
                    <Unicode>quod fuerit in confessione purgatum</Unicode>
                </TextEquiv>
            </TextLine>
            <TextLine id="r2l19" custom="readingOrder {index:18;} textStyle {offset:17; length:1;superscript:true;}">
                <Coords points="802,3481 1125,3507 1684,3436 1748,3498 1927,3481 2195,3442 2194,3328 1915,3326 1811,3379 1517,3330 1308,3398 800,3348"/>
                <Baseline points="812,3438 880,3436 949,3434 1018,3432 1086,3432 1155,3430 1224,3430 1292,3430 1361,3430 1430,3428 1499,3428 1567,3428 1636,3428 1705,3428 1773,3426 1842,3425 1911,3422 1979,3420 2048,3418 2117,3415 2221,3403"/>
                <Word id="r2l19_w1" custom="readingOrder {index:0;}">
                    <Coords points="805,3397 805,3457 860,3457 860,3397 805,3397 805,3397 805,3397"/>
                    <TextEquiv>
                        <Unicode>Ex</Unicode>
                    </TextEquiv>
                </Word>
                <Word id="r2l19_w2" custom="readingOrder {index:1;}">
                    <Coords points="899,3393 899,3453 1010,3453 1010,3393 899,3393 899,3393 899,3393"/>
                    <TextEquiv>
                        <Unicode>hoc</Unicode>
                    </TextEquiv>
                </Word>
                <Word id="r2l19_w3" custom="readingOrder {index:2;}">
                    <Coords points="1050,3390 1050,3450 1287,3450 1287,3390 1050,3390 1050,3390 1050,3390"/>
                    <TextEquiv>
                        <Unicode>fequitur</Unicode>
                    </TextEquiv>
                </Word>
                <Word id="r2l19_w4" custom="readingOrder {index:3;}">
                    <Coords points="1326,3388 1326,3448 1690,3448 1690,3388 1326,3388 1326,3388 1326,3388"/>
                    <TextEquiv>
                        <Unicode>utilitas</Unicode>
                    </TextEquiv>
                </Word>
                <Word id="r2l19_w5" custom="readingOrder {index:4;}">
                    <Coords points="1706,3387 1706,3447 1714,3447 1714,3387 1706,3387 1706,3387 1706,3387"/>
                    <TextEquiv>
                        <Unicode>/</Unicode>
                    </TextEquiv>
                </Word>
                <Word id="r2l19_w6" custom="readingOrder {index:5;}">
                    <Coords points="1737,3386 1737,3446 1793,3446 1793,3386 1737,3386 1737,3386 1737,3386"/>
                    <TextEquiv>
                        <Unicode>quod</Unicode>
                    </TextEquiv>
                </Word>
                <Word id="r2l19_w7" custom="readingOrder {index:6;}">
                    <Coords points="1809,3381 1809,3441 2038,3441 2038,3381 1809,3381 1809,3381 1809,3381"/>
                    <TextEquiv>
                        <Unicode>confessio</Unicode>
                    </TextEquiv>
                </Word>
                <Word id="r2l19_w8" custom="readingOrder {index:7;}">
                    <Coords points="2061,3373 2061,3433 2205,3433 2205,3373 2061,3373 2061,3373 2061,3373"/>
                    <TextEquiv>
                        <Unicode>omndei</Unicode>
                    </TextEquiv>
                </Word>
                <TextEquiv>
                    <Unicode>Ex hoc sequitur 4a utilitas / quod confessio ostendit</Unicode>
                </TextEquiv>
            </TextLine>
            <TextLine id="r2l20" custom="readingOrder {index:19;}">
                <Coords points="784,3590 943,3563 1040,3615 1126,3567 1272,3609 1646,3564 1749,3610 2119,3568 2119,3509 1878,3457 1154,3506 784,3465"/>
                <Baseline points="794,3554 859,3554 925,3554 991,3554 1057,3552 1123,3552 1188,3552 1254,3552 1320,3552 1386,3552 1452,3552 1517,3552 1583,3552 1649,3552 1715,3552 1781,3552 1846,3552 1912,3552 1978,3552 2044,3552 2110,3552"/>
                <Word id="r2l20_w1" custom="readingOrder {index:0;}">
                    <Coords points="807,3514 807,3574 921,3574 921,3514 807,3514 807,3514 807,3514"/>
                    <TextEquiv>
                        <Unicode>deum</Unicode>
                    </TextEquiv>
                </Word>
                <Word id="r2l20_w2" custom="readingOrder {index:1;}">
                    <Coords points="962,3512 962,3572 1137,3572 1137,3512 962,3512 962,3512 962,3512"/>
                    <TextEquiv>
                        <Unicode>ustio</Unicode>
                    </TextEquiv>
                </Word>
                <Word id="r2l20_w3" custom="readingOrder {index:2;}">
                    <Coords points="1177,3512 1177,3572 1184,3572 1184,3512 1177,3512 1177,3512 1177,3512"/>
                    <TextEquiv>
                        <Unicode>/</Unicode>
                    </TextEquiv>
                </Word>
                <Word id="r2l20_w4" custom="readingOrder {index:3;}">
                    <Coords points="1205,3512 1205,3572 1265,3572 1265,3512 1205,3512 1205,3512 1205,3512"/>
                    <TextEquiv>
                        <Unicode>et</Unicode>
                    </TextEquiv>
                </Word>
                <Word id="r2l20_w5" custom="readingOrder {index:4;}">
                    <Coords points="1292,3512 1292,3572 1447,3572 1447,3512 1292,3512 1292,3512 1292,3512"/>
                    <TextEquiv>
                        <Unicode>facit</Unicode>
                    </TextEquiv>
                </Word>
                <Word id="r2l20_w6" custom="readingOrder {index:5;}">
                    <Coords points="1487,3512 1487,3572 1548,3572 1548,3512 1487,3512 1487,3512 1487,3512"/>
                    <TextEquiv>
                        <Unicode>de</Unicode>
                    </TextEquiv>
                </Word>
                <Word id="r2l20_w7" custom="readingOrder {index:6;}">
                    <Coords points="1575,3512 1575,3572 1650,3572 1650,3512 1575,3512 1575,3512 1575,3512"/>
                    <TextEquiv>
                        <Unicode>in</Unicode>
                    </TextEquiv>
                </Word>
                <Word id="r2l20_w8" custom="readingOrder {index:7;}">
                    <Coords points="1676,3512 1676,3572 1838,3572 1838,3512 1676,3512 1676,3512 1676,3512"/>
                    <TextEquiv>
                        <Unicode>iusco</Unicode>
                    </TextEquiv>
                </Word>
                <Word id="r2l20_w9" custom="readingOrder {index:8;}">
                    <Coords points="1872,3512 1872,3572 2101,3572 2101,3512 1872,3512 1872,3512 1872,3512"/>
                    <TextEquiv>
                        <Unicode>homine</Unicode>
                    </TextEquiv>
                </Word>
                <TextEquiv>
                    <Unicode>deum iustum / et facit de iniusto homine</Unicode>
                </TextEquiv>
            </TextLine>
            <TextLine id="r2l21" custom="readingOrder {index:20;}">
                <Coords points="785,3723 1039,3748 1100,3698 1437,3697 1613,3736 1689,3690 1885,3729 2125,3678 2125,3561 1772,3619 1488,3570 1441,3611 785,3591"/>
                <Baseline points="794,3676 860,3674 926,3674 992,3674 1058,3674 1124,3674 1190,3674 1256,3676 1322,3676 1388,3676 1455,3676 1521,3676 1587,3676 1653,3674 1719,3674 1785,3674 1851,3672 1917,3670 1983,3668 2049,3666 2116,3664"/>
                <Word id="r2l21_w1" custom="readingOrder {index:0;}">
                    <Coords points="816,3634 816,3694 1006,3694 1006,3634 816,3634 816,3634 816,3634"/>
                    <TextEquiv>
                        <Unicode>iustum,</Unicode>
                    </TextEquiv>
                </Word>
                <Word id="r2l21_w2" custom="readingOrder {index:1;}">
                    <Coords points="1047,3634 1047,3694 1155,3694 1155,3634 1047,3634 1047,3634 1047,3634"/>
                    <TextEquiv>
                        <Unicode>sicut</Unicode>
                    </TextEquiv>
                </Word>
                <Word id="r2l21_w3" custom="readingOrder {index:2;}">
                    <Coords points="1172,3635 1172,3695 1321,3695 1321,3635 1172,3635 1172,3635 1172,3635"/>
                    <TextEquiv>
                        <Unicode>dicit</Unicode>
                    </TextEquiv>
                </Word>
                <Word id="r2l21_w4" custom="readingOrder {index:3;}">
                    <Coords points="1362,3636 1362,3696 1769,3696 1769,3636 1362,3636 1362,3636 1362,3636"/>
                    <TextEquiv>
                        <Unicode>Ambrosius</Unicode>
                    </TextEquiv>
                </Word>
                <Word id="r2l21_w5" custom="readingOrder {index:4;}">
                    <Coords points="1802,3630 1802,3690 1993,3690 1993,3630 1802,3630 1802,3630 1802,3630"/>
                    <TextEquiv>
                        <Unicode>super</Unicode>
                    </TextEquiv>
                </Word>
                <Word id="r2l21_w6" custom="readingOrder {index:5;}">
                    <Coords points="2026,3625 2026,3685 2117,3685 2117,3625 2026,3625 2026,3625 2026,3625"/>
                    <TextEquiv>
                        <Unicode>btei</Unicode>
                    </TextEquiv>
                </Word>
                <TextEquiv>
                    <Unicode>iustum, sicut dicit Ambrosius super beati</Unicode>
                </TextEquiv>
            </TextLine>
            <TextLine id="r2l22" custom="readingOrder {index:21;}">
                <Coords points="797,3831 1197,3809 1397,3857 1554,3817 1637,3860 1763,3815 1943,3866 2125,3808 2125,3677 1782,3746 1679,3704 1603,3742 1117,3701 1039,3749 797,3734"/>
                <Baseline points="806,3800 871,3800 937,3798 1002,3798 1068,3796 1133,3796 1199,3796 1264,3798 1330,3798 1395,3798 1461,3798 1526,3800 1592,3800 1657,3800 1723,3800 1788,3800 1854,3799 1919,3798 1985,3796 2050,3794 2116,3792"/>
                <Word id="r2l22_w1" custom="readingOrder {index:0;}">
                    <Coords points="816,3758 816,3818 1183,3818 1183,3758 816,3758 816,3758 816,3758"/>
                    <TextEquiv>
                        <Unicode>inmaculati</Unicode>
                    </TextEquiv>
                </Word>
                <Word id="r2l22_w2" custom="readingOrder {index:1;}">
                    <Coords points="1228,3758 1228,3818 1385,3818 1385,3758 1228,3758 1228,3758 1228,3758"/>
                    <TextEquiv>
                        <Unicode>Qui</Unicode>
                    </TextEquiv>
                </Word>
                <Word id="r2l22_w3" custom="readingOrder {index:2;}">
                    <Coords points="1407,3758 1407,3818 1461,3818 1461,3758 1407,3758 1407,3758 1407,3758"/>
                    <TextEquiv>
                        <Unicode>se</Unicode>
                    </TextEquiv>
                </Word>
                <Word id="r2l22_w4" custom="readingOrder {index:3;}">
                    <Coords points="1490,3760 1490,3820 1744,3820 1744,3760 1490,3760 1490,3760 1490,3760"/>
                    <TextEquiv>
                        <Unicode>accusat</Unicode>
                    </TextEquiv>
                </Word>
                <Word id="r2l22_w5" custom="readingOrder {index:4;}">
                    <Coords points="1782,3759 1782,3819 1850,3819 1850,3759 1782,3759 1782,3759 1782,3759"/>
                    <TextEquiv>
                        <Unicode>et</Unicode>
                    </TextEquiv>
                </Word>
                <Word id="r2l22_w6" custom="readingOrder {index:5;}">
                    <Coords points="1872,3758 1872,3818 1924,3818 1924,3758 1872,3758 1872,3758 1872,3758"/>
                    <TextEquiv>
                        <Unicode>si</Unicode>
                    </TextEquiv>
                </Word>
                <Word id="r2l22_w7" custom="readingOrder {index:6;}">
                    <Coords points="1946,3754 1946,3814 2104,3814 2104,3754 1946,3754 1946,3754 1946,3754"/>
                    <TextEquiv>
                        <Unicode>peccator</Unicode>
                    </TextEquiv>
                </Word>
                <TextEquiv>
                    <Unicode>inmaculati Qui se accusat et si peccator</Unicode>
                </TextEquiv>
            </TextLine>
            <TextLine id="r2l23" custom="readingOrder {index:22;}">
                <Coords points="785,3956 1275,3981 1372,3941 1662,3997 1827,3934 2012,3971 2130,3942 2130,3843 784,3855"/>
                <Baseline points="794,3924 860,3924 926,3924 992,3924 1059,3924 1125,3924 1191,3924 1258,3924 1324,3924 1390,3924 1457,3924 1523,3924 1589,3922 1655,3922 1722,3922 1788,3922 1854,3921 1921,3920 1987,3920 2053,3920 2120,3920"/>
                <Word id="r2l23_w1" custom="readingOrder {index:0;}">
                    <Coords points="812,3884 812,3944 904,3944 904,3884 812,3884 812,3884 812,3884"/>
                    <TextEquiv>
                        <Unicode>est</Unicode>
                    </TextEquiv>
                </Word>
                <Word id="r2l23_w2" custom="readingOrder {index:1;}">
                    <Coords points="935,3884 935,3944 1167,3944 1167,3884 935,3884 935,3884 935,3884"/>
                    <TextEquiv>
                        <Unicode>iustus</Unicode>
                    </TextEquiv>
                </Word>
                <Word id="r2l23_w3" custom="readingOrder {index:2;}">
                    <Coords points="1213,3884 1213,3944 1328,3944 1328,3884 1213,3884 1213,3884 1213,3884"/>
                    <TextEquiv>
                        <Unicode>esse</Unicode>
                    </TextEquiv>
                </Word>
                <Word id="r2l23_w4" custom="readingOrder {index:3;}">
                    <Coords points="1360,3884 1360,3944 1599,3944 1599,3884 1360,3884 1360,3884 1360,3884"/>
                    <TextEquiv>
                        <Unicode>inciperit</Unicode>
                    </TextEquiv>
                </Word>
                <Word id="r2l23_w5" custom="readingOrder {index:4;}">
                    <Coords points="1645,3882 1645,3942 1807,3942 1807,3882 1645,3882 1645,3882 1645,3882"/>
                    <TextEquiv>
                        <Unicode>quia</Unicode>
                    </TextEquiv>
                </Word>
                <Word id="r2l23_w6" custom="readingOrder {index:5;}">
                    <Coords points="1862,3880 1862,3940 1985,3940 1985,3880 1862,3880 1862,3880 1862,3880"/>
                    <TextEquiv>
                        <Unicode>nec</Unicode>
                    </TextEquiv>
                </Word>
                <Word id="r2l23_w7" custom="readingOrder {index:6;}">
                    <Coords points="2015,3880 2015,3940 2131,3940 2131,3880 2015,3880 2015,3880 2015,3880"/>
                    <TextEquiv>
                        <Unicode>sibi</Unicode>
                    </TextEquiv>
                </Word>
                <TextEquiv>
                    <Unicode>est iustus esse incipit quia nec sibi</Unicode>
                </TextEquiv>
            </TextLine>
            <TextLine id="r2l24" custom="readingOrder {index:23;}">
                <Coords points="793,4101 945,4058 1306,4070 1373,4116 1536,4057 1977,4116 2129,4052 2129,3981 792,3970"/>
                <Baseline points="802,4044 867,4046 933,4046 999,4047 1065,4048 1131,4048 1197,4048 1263,4048 1329,4048 1395,4046 1461,4046 1526,4046 1592,4044 1658,4044 1724,4042 1790,4042 1856,4040 1922,4039 1988,4038 2054,4036 2120,4036"/>
                <Word id="r2l24_w1" custom="readingOrder {index:0;}">
                    <Coords points="803,4006 803,4066 1022,4066 1022,4006 803,4006 803,4006 803,4006"/>
                    <TextEquiv>
                        <Unicode>parcit</Unicode>
                    </TextEquiv>
                </Word>
                <Word id="r2l24_w2" custom="readingOrder {index:1;}">
                    <Coords points="1072,4008 1072,4068 1136,4068 1136,4008 1072,4008 1072,4008 1072,4008"/>
                    <TextEquiv>
                        <Unicode>et</Unicode>
                    </TextEquiv>
                </Word>
                <Word id="r2l24_w3" custom="readingOrder {index:2;}">
                    <Coords points="1165,4008 1165,4068 1257,4068 1257,4008 1165,4008 1165,4008 1165,4008"/>
                    <TextEquiv>
                        <Unicode>dei</Unicode>
                    </TextEquiv>
                </Word>
                <Word id="r2l24_w4" custom="readingOrder {index:3;}">
                    <Coords points="1293,4006 1293,4066 1542,4066 1542,4006 1293,4006 1293,4006 1293,4006"/>
                    <TextEquiv>
                        <Unicode>iustitias</Unicode>
                    </TextEquiv>
                </Word>
                <Word id="r2l24_w5" custom="readingOrder {index:4;}">
                    <Coords points="1577,4002 1577,4062 1925,4062 1925,4002 1577,4002 1577,4002 1577,4002"/>
                    <TextEquiv>
                        <Unicode>confitetur</Unicode>
                    </TextEquiv>
                </Word>
                <Word id="r2l24_w6" custom="readingOrder {index:5;}">
                    <Coords points="1967,3996 1967,4056 2095,4056 2095,3996 1967,3996 1967,3996 1967,3996"/>
                    <TextEquiv>
                        <Unicode>Ideo</Unicode>
                    </TextEquiv>
                </Word>
                <TextEquiv>
                    <Unicode>parcit et dei iusticias confitetur Ideo</Unicode>
                </TextEquiv>
            </TextLine>
            <TextLine id="r2l25" custom="readingOrder {index:24;}">
                <Coords points="790,4253 849,4206 1421,4227 1495,4179 1587,4233 1806,4201 1900,4248 1979,4176 2112,4175 2145,4073 1965,4121 1751,4069 1301,4120 942,4058 788,4110"/>
                <Baseline points="798,4166 864,4168 931,4170 998,4172 1065,4172 1132,4174 1199,4174 1266,4174 1333,4174 1400,4174 1467,4174 1533,4172 1600,4170 1667,4169 1734,4166 1801,4164 1868,4163 1935,4160 2002,4156 2069,4153 2136,4150"/>
                <Word id="r2l25_w1" custom="readingOrder {index:0;}">
                    <Coords points="843,4132 843,4192 1256,4192 1256,4132 843,4132 843,4132 843,4132"/>
                    <TextEquiv>
                        <Unicode>publicanus</Unicode>
                    </TextEquiv>
                </Word>
                <Word id="r2l25_w2" custom="readingOrder {index:1;}">
                    <Coords points="1286,4134 1286,4194 1506,4194 1506,4134 1286,4134 1286,4134 1286,4134"/>
                    <TextEquiv>
                        <Unicode>mais</Unicode>
                    </TextEquiv>
                </Word>
                <Word id="r2l25_w3" custom="readingOrder {index:2;}">
                    <Coords points="1529,4127 1529,4187 1889,4187 1889,4127 1529,4127 1529,4127 1529,4127"/>
                    <TextEquiv>
                        <Unicode>iustissicatus</Unicode>
                    </TextEquiv>
                </Word>
                <Word id="r2l25_w4" custom="readingOrder {index:3;}">
                    <Coords points="1920,4119 1920,4179 1963,4179 1963,4119 1920,4119 1920,4119 1920,4119"/>
                    <TextEquiv>
                        <Unicode>ex</Unicode>
                    </TextEquiv>
                </Word>
                <Word id="r2l25_w5" custom="readingOrder {index:4;}">
                    <Coords points="2000,4113 2000,4173 2125,4173 2125,4113 2000,4113 2000,4113 2000,4113"/>
                    <TextEquiv>
                        <Unicode>init</Unicode>
                    </TextEquiv>
                </Word>
                <TextEquiv>
                    <Unicode>publicanus magis iustissicatus exivit</Unicode>
                </TextEquiv>
            </TextLine>
            <TextLine id="r2l26" custom="readingOrder {index:25;}">
                <Coords points="805,4299 1232,4378 1286,4330 1385,4384 1591,4337 1764,4393 2166,4308 2167,4239 2041,4210 1886,4252 1522,4197 1360,4262 1128,4197 806,4240"/>
                <Baseline points="814,4288 881,4292 948,4294 1015,4296 1082,4298 1149,4300 1216,4302 1283,4302 1350,4302 1417,4304 1485,4304 1552,4304 1619,4304 1686,4302 1753,4302 1820,4300 1887,4300 1954,4298 2021,4297 2088,4295 2156,4294"/>
                <Word id="r2l26_w1" custom="readingOrder {index:0;}">
                    <Coords points="828,4255 828,4315 1171,4315 1171,4255 828,4255 828,4255 828,4255"/>
                    <TextEquiv>
                        <Unicode>detemplo</Unicode>
                    </TextEquiv>
                </Word>
                <Word id="r2l26_w2" custom="readingOrder {index:1;}">
                    <Coords points="1213,4262 1213,4322 1363,4322 1363,4262 1213,4262 1213,4262 1213,4262"/>
                    <TextEquiv>
                        <Unicode>quam</Unicode>
                    </TextEquiv>
                </Word>
                <Word id="r2l26_w3" custom="readingOrder {index:2;}">
                    <Coords points="1389,4264 1389,4324 1665,4324 1665,4264 1389,4264 1389,4264 1389,4264"/>
                    <TextEquiv>
                        <Unicode>prsiseus</Unicode>
                    </TextEquiv>
                </Word>
                <Word id="r2l26_w4" custom="readingOrder {index:3;}">
                    <Coords points="1691,4262 1691,4322 1699,4322 1699,4262 1691,4262 1691,4262 1691,4262"/>
                    <TextEquiv>
                        <Unicode>/</Unicode>
                    </TextEquiv>
                </Word>
                <Word id="r2l26_w5" custom="readingOrder {index:4;}">
                    <Coords points="1724,4260 1724,4320 1857,4320 1857,4260 1724,4260 1724,4260 1724,4260"/>
                    <TextEquiv>
                        <Unicode>qui</Unicode>
                    </TextEquiv>
                </Word>
                <Word id="r2l26_w6" custom="readingOrder {index:5;}">
                    <Coords points="1900,4258 1900,4318 1958,4318 1958,4258 1900,4258 1900,4258 1900,4258"/>
                    <TextEquiv>
                        <Unicode>se</Unicode>
                    </TextEquiv>
                </Word>
                <Word id="r2l26_w7" custom="readingOrder {index:6;}">
                    <Coords points="2000,4255 2000,4315 2159,4315 2159,4255 2000,4255 2000,4255 2000,4255"/>
                    <TextEquiv>
                        <Unicode>sti¬</Unicode>
                    </TextEquiv>
                </Word>
                <TextEquiv>
                    <Unicode>de templo quam phariseus / qui se iusti¬</Unicode>
                </TextEquiv>
            </TextLine>
            <TextLine id="r2l27" custom="readingOrder {index:26;}">
                <Coords points="798,4489 961,4431 1155,4504 1737,4435 1950,4489 2196,4435 2197,4319 1763,4393 1611,4348 1386,4383 1320,4328 1234,4379 978,4315 799,4354"/>
                <Baseline points="808,4418 876,4422 945,4424 1014,4426 1083,4428 1152,4430 1221,4430 1290,4431 1359,4432 1428,4432 1497,4432 1565,4432 1634,4432 1703,4431 1772,4430 1841,4430 1910,4430 1979,4430 2048,4430 2117,4430 2186,4430"/>
                <Word id="r2l27_w1" custom="readingOrder {index:0;}">
                    <Coords points="820,4384 820,4444 1089,4444 1089,4384 820,4384 820,4384 820,4384"/>
                    <TextEquiv>
                        <Unicode>ficabatu</Unicode>
                    </TextEquiv>
                </Word>
                <Word id="r2l27_w2" custom="readingOrder {index:1;}">
                    <Coords points="1121,4389 1121,4449 1137,4449 1137,4389 1121,4389 1121,4389 1121,4389"/>
                    <TextEquiv>
                        <Unicode>/</Unicode>
                    </TextEquiv>
                </Word>
                <Word id="r2l27_w3" custom="readingOrder {index:2;}">
                    <Coords points="1154,4392 1154,4452 1586,4452 1586,4392 1154,4392 1154,4392 1154,4392"/>
                    <TextEquiv>
                        <Unicode>publicanus</Unicode>
                    </TextEquiv>
                </Word>
                <Word id="r2l27_w4" custom="readingOrder {index:3;}">
                    <Coords points="1619,4391 1619,4451 1741,4451 1741,4391 1619,4391 1619,4391 1619,4391"/>
                    <TextEquiv>
                        <Unicode>aut</Unicode>
                    </TextEquiv>
                </Word>
                <Word id="r2l27_w5" custom="readingOrder {index:4;}">
                    <Coords points="1782,4390 1782,4450 2197,4450 2197,4390 1782,4390 1782,4390 1782,4390"/>
                    <TextEquiv>
                        <Unicode>iustifficabtur</Unicode>
                    </TextEquiv>
                </Word>
                <TextEquiv>
                    <Unicode>ficabat / publicanus autem iustifficabat</Unicode>
                </TextEquiv>
            </TextLine>
            <TextLine id="r2l28" custom="readingOrder {index:27;}">
                <Coords points="794,4562 1051,4619 1162,4556 1255,4615 1337,4566 1612,4608 1743,4570 1827,4615 2149,4562 2149,4484 2069,4469 794,4484"/>
                <Baseline points="804,4548 870,4546 937,4546 1004,4546 1071,4546 1138,4546 1204,4546 1271,4546 1338,4547 1405,4548 1472,4548 1538,4548 1605,4550 1672,4550 1739,4550 1806,4549 1872,4548 1939,4547 2006,4546 2073,4544 2140,4540"/>
                <Word id="r2l28_w1" custom="readingOrder {index:0;}">
                    <Coords points="824,4506 824,4566 1043,4566 1043,4506 824,4506 824,4506 824,4506"/>
                    <TextEquiv>
                        <Unicode>deum</Unicode>
                    </TextEquiv>
                </Word>
                <Word id="r2l28_w2" custom="readingOrder {index:1;}">
                    <Coords points="1070,4506 1070,4566 1234,4566 1234,4506 1070,4506 1070,4506 1070,4506"/>
                    <TextEquiv>
                        <Unicode>suas</Unicode>
                    </TextEquiv>
                </Word>
                <Word id="r2l28_w3" custom="readingOrder {index:2;}">
                    <Coords points="1255,4506 1255,4566 1412,4566 1412,4506 1255,4506 1255,4506 1255,4506"/>
                    <TextEquiv>
                        <Unicode>propras</Unicode>
                    </TextEquiv>
                </Word>
                <Word id="r2l28_w4" custom="readingOrder {index:3;}">
                    <Coords points="1453,4510 1453,4570 1816,4570 1816,4510 1453,4510 1453,4510 1453,4510"/>
                    <TextEquiv>
                        <Unicode>iniqutates</Unicode>
                    </TextEquiv>
                </Word>
                <Word id="r2l28_w5" custom="readingOrder {index:4;}">
                    <Coords points="1837,4506 1837,4566 2130,4566 2130,4506 1837,4506 1837,4506 1837,4506"/>
                    <TextEquiv>
                        <Unicode>confectendo</Unicode>
                    </TextEquiv>
                </Word>
                <TextEquiv>
                    <Unicode>deum suas proprias iniquitates confitendo</Unicode>
                </TextEquiv>
            </TextLine>
            <TextLine id="r2l29" custom="readingOrder {index:28;}">
                <Coords points="811,4739 912,4689 1128,4753 1292,4686 1463,4746 1574,4688 1625,4732 2153,4665 2141,4570 1068,4630 811,4577"/>
                <Baseline points="820,4676 886,4674 952,4674 1018,4672 1084,4672 1151,4672 1217,4672 1283,4673 1349,4674 1415,4674 1482,4674 1548,4676 1614,4676 1680,4676 1746,4674 1813,4674 1879,4672 1945,4670 2011,4668 2077,4665 2144,4660"/>
                <Word id="r2l29_w1" custom="readingOrder {index:0;}">
                    <Coords points="896,4634 896,4694 966,4694 966,4634 896,4634 896,4634 896,4634"/>
                    <TextEquiv>
                        <Unicode>Et</Unicode>
                    </TextEquiv>
                </Word>
                <Word id="r2l29_w2" custom="readingOrder {index:1;}">
                    <Coords points="993,4632 993,4692 1151,4692 1151,4632 993,4632 993,4632 993,4632"/>
                    <TextEquiv>
                        <Unicode>idem</Unicode>
                    </TextEquiv>
                </Word>
                <Word id="r2l29_w3" custom="readingOrder {index:2;}">
                    <Coords points="1172,4632 1172,4692 1323,4692 1323,4632 1172,4632 1172,4632 1172,4632"/>
                    <TextEquiv>
                        <Unicode>primo</Unicode>
                    </TextEquiv>
                </Word>
                <Word id="r2l29_w4" custom="readingOrder {index:3;}">
                    <Coords points="1350,4634 1350,4694 1413,4694 1413,4634 1350,4634 1350,4634 1350,4634"/>
                    <TextEquiv>
                        <Unicode>de</Unicode>
                    </TextEquiv>
                </Word>
                <Word id="r2l29_w5" custom="readingOrder {index:4;}">
                    <Coords points="1440,4636 1440,4696 1750,4696 1750,4636 1440,4636 1440,4636 1440,4636"/>
                    <TextEquiv>
                        <Unicode>appologia</Unicode>
                    </TextEquiv>
                </Word>
                <Word id="r2l29_w6" custom="readingOrder {index:5;}">
                    <Coords points="1811,4631 1811,4691 2003,4691 2003,4631 1811,4631 1811,4631 1811,4631"/>
                    <TextEquiv>
                        <Unicode>david</Unicode>
                    </TextEquiv>
                </Word>
                <Word id="r2l29_w7" custom="readingOrder {index:6;}">
                    <Coords points="2039,4623 2039,4683 2148,4683 2148,4623 2039,4623 2039,4623 2039,4623"/>
                    <TextEquiv>
                        <Unicode>capitulo</Unicode>
                    </TextEquiv>
                </Word>
                <TextEquiv>
                    <Unicode>Et idem primo de appologia david capitulo</Unicode>
                </TextEquiv>
            </TextLine>
            <TextLine id="r2l30" custom="readingOrder {index:29;} textStyle {offset:2; length:1;superscript:true;}">
                <Coords points="794,4831 1343,4808 1439,4871 1871,4813 2007,4868 2195,4810 2195,4721 1810,4693 1663,4743 1379,4703 1128,4754 910,4691 794,4749"/>
                <Baseline points="804,4800 873,4800 942,4798 1011,4798 1080,4798 1149,4798 1218,4798 1287,4798 1356,4798 1425,4798 1495,4798 1564,4800 1633,4800 1702,4800 1771,4800 1840,4799 1909,4798 1978,4797 2047,4796 2116,4794 2186,4790"/>
                <Word id="r2l30_w1" custom="readingOrder {index:0;}">
                    <Coords points="858,4759 858,4819 941,4819 941,4759 858,4759 858,4759 858,4759"/>
                    <TextEquiv>
                        <Unicode>2o</Unicode>
                    </TextEquiv>
                </Word>
                <Word id="r2l30_w2" custom="readingOrder {index:1;}">
                    <Coords points="963,4758 963,4818 1046,4818 1046,4758 963,4758 963,4758 963,4758"/>
                    <TextEquiv>
                        <Unicode>dicit</Unicode>
                    </TextEquiv>
                </Word>
                <Word id="r2l30_w3" custom="readingOrder {index:2;}">
                    <Coords points="1076,4758 1076,4818 1181,4818 1181,4758 1076,4758 1076,4758 1076,4758"/>
                    <TextEquiv>
                        <Unicode>At</Unicode>
                    </TextEquiv>
                </Word>
                <Word id="r2l30_w4" custom="readingOrder {index:3;}">
                    <Coords points="1212,4758 1212,4818 1393,4818 1393,4758 1212,4758 1212,4758 1212,4758"/>
                    <TextEquiv>
                        <Unicode>david</Unicode>
                    </TextEquiv>
                </Word>
                <Word id="r2l30_w5" custom="readingOrder {index:4;}">
                    <Coords points="1445,4760 1445,4820 1692,4820 1692,4760 1445,4760 1445,4760 1445,4760"/>
                    <TextEquiv>
                        <Unicode>peccavi</Unicode>
                    </TextEquiv>
                </Word>
                <Word id="r2l30_w6" custom="readingOrder {index:5;}">
                    <Coords points="1723,4759 1723,4819 1851,4819 1851,4759 1723,4759 1723,4759 1723,4759"/>
                    <TextEquiv>
                        <Unicode>domino</Unicode>
                    </TextEquiv>
                </Word>
                <Word id="r2l30_w7" custom="readingOrder {index:6;}">
                    <Coords points="1873,4758 1873,4818 1880,4818 1880,4758 1873,4758 1873,4758 1873,4758"/>
                    <TextEquiv>
                        <Unicode>/</Unicode>
                    </TextEquiv>
                </Word>
                <Word id="r2l30_w8" custom="readingOrder {index:7;}">
                    <Coords points="1895,4757 1895,4817 1978,4817 1978,4757 1895,4757 1895,4757 1895,4757"/>
                    <TextEquiv>
                        <Unicode>ergo</Unicode>
                    </TextEquiv>
                </Word>
                <Word id="r2l30_w9" custom="readingOrder {index:8;}">
                    <Coords points="2002,4755 2002,4815 2137,4815 2137,4755 2002,4755 2002,4755 2002,4755"/>
                    <TextEquiv>
                        <Unicode>qua</Unicode>
                    </TextEquiv>
                </Word>
                <TextEquiv>
                    <Unicode>26o dicit Ait david peccavi domino / ergo quia</Unicode>
                </TextEquiv>
            </TextLine>
            <TextLine id="r2l31" custom="readingOrder {index:30;}">
                <Coords points="808,4931 1222,4992 1412,4936 1679,4987 1786,4935 2047,4984 2209,4941 2190,4810 1950,4871 1883,4826 1812,4864 808,4847"/>
                <Baseline points="818,4918 887,4920 956,4922 1025,4922 1094,4924 1163,4924 1232,4924 1301,4924 1370,4926 1439,4926 1509,4926 1578,4926 1647,4924 1716,4924 1785,4924 1854,4922 1923,4920 1992,4920 2061,4918 2130,4915 2200,4912"/>
                <Word id="r2l31_w1" custom="readingOrder {index:0;}">
                    <Coords points="836,4881 836,4941 1029,4941 1029,4881 836,4881 836,4881 836,4881"/>
                    <TextEquiv>
                        <Unicode>daid</Unicode>
                    </TextEquiv>
                </Word>
                <Word id="r2l31_w2" custom="readingOrder {index:1;}">
                    <Coords points="1075,4884 1075,4944 1276,4944 1276,4884 1075,4884 1075,4884 1075,4884"/>
                    <TextEquiv>
                        <Unicode>semper</Unicode>
                    </TextEquiv>
                </Word>
                <Word id="r2l31_w3" custom="readingOrder {index:2;}">
                    <Coords points="1299,4886 1299,4946 1492,4946 1492,4886 1299,4886 1299,4886 1299,4886"/>
                    <TextEquiv>
                        <Unicode>hebat</Unicode>
                    </TextEquiv>
                </Word>
                <Word id="r2l31_w4" custom="readingOrder {index:3;}">
                    <Coords points="1530,4885 1530,4945 1686,4945 1686,4885 1530,4885 1530,4885 1530,4885"/>
                    <TextEquiv>
                        <Unicode>contra</Unicode>
                    </TextEquiv>
                </Word>
                <Word id="r2l31_w5" custom="readingOrder {index:4;}">
                    <Coords points="1701,4884 1701,4944 1762,4944 1762,4884 1701,4884 1701,4884 1701,4884"/>
                    <TextEquiv>
                        <Unicode>se</Unicode>
                    </TextEquiv>
                </Word>
                <Word id="r2l31_w6" custom="readingOrder {index:5;}">
                    <Coords points="1801,4880 1801,4940 2041,4940 2041,4880 1801,4880 1801,4880 1801,4880"/>
                    <TextEquiv>
                        <Unicode>delictum</Unicode>
                    </TextEquiv>
                </Word>
                <Word id="r2l31_w7" custom="readingOrder {index:6;}">
                    <Coords points="2063,4874 2063,4934 2210,4934 2210,4874 2063,4874 2063,4874 2063,4874"/>
                    <TextEquiv>
                        <Unicode>suum</Unicode>
                    </TextEquiv>
                </Word>
                <TextEquiv>
                    <Unicode>david semper habebat contra se delictum suum</Unicode>
                </TextEquiv>
            </TextLine>
            <TextLine id="r2l32" custom="readingOrder {index:31;}">
                <Coords points="773,5059 887,5046 986,5107 1541,5055 1604,5111 1659,5061 1987,5098 2214,5044 2214,4975 2094,4944 1905,4997 1446,4939 1139,4997 773,4954"/>
                <Baseline points="782,5034 853,5037 924,5038 995,5040 1066,5042 1137,5042 1208,5043 1279,5044 1350,5044 1421,5044 1493,5044 1564,5044 1635,5044 1706,5044 1777,5042 1848,5042 1919,5042 1990,5042 2061,5042 2132,5042 2204,5040"/>
                <Word id="r2l32_w1" custom="readingOrder {index:0;}">
                    <Coords points="819,4997 819,5057 1017,5057 1017,4997 819,4997 819,4997 819,4997"/>
                    <TextEquiv>
                        <Unicode>utique</Unicode>
                    </TextEquiv>
                </Word>
                <Word id="r2l32_w2" custom="readingOrder {index:1;}">
                    <Coords points="1053,5002 1053,5062 1202,5062 1202,5002 1053,5002 1053,5002 1053,5002"/>
                    <TextEquiv>
                        <Unicode>non</Unicode>
                    </TextEquiv>
                </Word>
                <Word id="r2l32_w3" custom="readingOrder {index:2;}">
                    <Coords points="1237,5004 1237,5064 1542,5064 1542,5004 1237,5004 1237,5004 1237,5004"/>
                    <TextEquiv>
                        <Unicode>negabat</Unicode>
                    </TextEquiv>
                </Word>
                <Word id="r2l32_w4" custom="readingOrder {index:3;}">
                    <Coords points="1585,5004 1585,5064 1655,5064 1655,5004 1585,5004 1585,5004 1585,5004"/>
                    <TextEquiv>
                        <Unicode>quod</Unicode>
                    </TextEquiv>
                </Word>
                <Word id="r2l32_w5" custom="readingOrder {index:4;}">
                    <Coords points="1677,5003 1677,5063 1748,5063 1748,5003 1677,5003 1677,5003 1677,5003"/>
                    <TextEquiv>
                        <Unicode>et</Unicode>
                    </TextEquiv>
                </Word>
                <Word id="r2l32_w6" custom="readingOrder {index:5;}">
                    <Coords points="1797,5002 1797,5062 2187,5062 2187,5002 1797,5002 1797,5002 1797,5002"/>
                    <TextEquiv>
                        <Unicode>agnoscebat</Unicode>
                    </TextEquiv>
                </Word>
                <TextEquiv>
                    <Unicode>utique non negabat quod et agnoscebat</Unicode>
                </TextEquiv>
            </TextLine>
            <TextLine id="r2l33" custom="readingOrder {index:32;}">
                <Coords points="816,5175 1130,5220 1584,5176 1668,5235 2242,5203 2241,5105 2047,5079 816,5095"/>
                <Baseline points="826,5158 896,5162 966,5164 1036,5166 1107,5168 1177,5168 1247,5168 1318,5168 1388,5168 1458,5168 1529,5168 1599,5166 1669,5166 1739,5165 1810,5164 1880,5164 1950,5164 2021,5164 2091,5164 2161,5164 2232,5166"/>
                <Word id="r2l33_w1" custom="readingOrder {index:0;}">
                    <Coords points="836,5122 836,5182 996,5182 996,5122 836,5122 836,5122 836,5122"/>
                    <TextEquiv>
                        <Unicode>non</Unicode>
                    </TextEquiv>
                </Word>
                <Word id="r2l33_w2" custom="readingOrder {index:1;}">
                    <Coords points="1035,5128 1035,5188 1356,5188 1356,5128 1035,5128 1035,5128 1035,5128"/>
                    <TextEquiv>
                        <Unicode>negando</Unicode>
                    </TextEquiv>
                </Word>
                <Word id="r2l33_w3" custom="readingOrder {index:2;}">
                    <Coords points="1402,5128 1402,5188 1532,5188 1532,5128 1402,5128 1402,5128 1402,5128"/>
                    <TextEquiv>
                        <Unicode>aut</Unicode>
                    </TextEquiv>
                </Word>
                <Word id="r2l33_w4" custom="readingOrder {index:3;}">
                    <Coords points="1578,5125 1578,5185 1762,5185 1762,5125 1578,5125 1578,5125 1578,5125"/>
                    <TextEquiv>
                        <Unicode>utique</Unicode>
                    </TextEquiv>
                </Word>
                <Word id="r2l33_w5" custom="readingOrder {index:4;}">
                    <Coords points="1792,5124 1792,5184 2029,5184 2029,5124 1792,5124 1792,5124 1792,5124"/>
                    <TextEquiv>
                        <Unicode>commissi</Unicode>
                    </TextEquiv>
                </Word>
                <Word id="r2l33_w6" custom="readingOrder {index:5;}">
                    <Coords points="2045,5124 2045,5184 2235,5184 2235,5124 2045,5124 2045,5124 2045,5124"/>
                    <TextEquiv>
                        <Unicode>penitenciam</Unicode>
                    </TextEquiv>
                </Word>
                <TextEquiv>
                    <Unicode>non negando autem / utique commissi penitenciam</Unicode>
                </TextEquiv>
            </TextLine>
            <TextLine id="r2l34" custom="readingOrder {index:33;} sic {offset:8; length:8;correction:erroris;}">
                <Coords points="808,5343 1419,5287 1503,5349 1678,5290 1768,5344 1831,5299 2187,5301 2259,5281 2259,5227 2127,5179 2059,5228 1144,5234 1006,5180 806,5221"/>
                <Baseline points="816,5284 887,5284 959,5286 1031,5288 1102,5288 1174,5290 1246,5290 1317,5290 1389,5290 1461,5290 1533,5290 1604,5288 1676,5288 1748,5286 1819,5284 1891,5282 1963,5278 2034,5276 2106,5272 2178,5266 2250,5262"/>
                <Word id="r2l34_w1" custom="readingOrder {index:0;}">
                    <Coords points="829,5246 829,5306 1107,5306 1107,5246 829,5246 829,5246 829,5246"/>
                    <TextEquiv>
                        <Unicode>gerebat</Unicode>
                    </TextEquiv>
                </Word>
                <Word id="r2l34_w2" custom="readingOrder {index:1;}">
                    <Coords points="1147,5249 1147,5309 1199,5309 1199,5249 1147,5249 1147,5249 1147,5249"/>
                    <TextEquiv>
                        <Unicode>et</Unicode>
                    </TextEquiv>
                </Word>
                <Word id="r2l34_w3" custom="readingOrder {index:2;}">
                    <Coords points="1227,5250 1227,5310 1418,5310 1418,5250 1227,5250 1227,5250 1227,5250"/>
                    <TextEquiv>
                        <Unicode>roris</Unicode>
                    </TextEquiv>
                </Word>
                <Word id="r2l34_w4" custom="readingOrder {index:3;}">
                    <Coords points="1459,5250 1459,5310 1532,5310 1532,5250 1459,5250 1459,5250 1459,5250"/>
                    <TextEquiv>
                        <Unicode>aque</Unicode>
                    </TextEquiv>
                </Word>
                <Word id="r2l34_w5" custom="readingOrder {index:4;}">
                    <Coords points="1558,5248 1558,5308 1645,5308 1645,5248 1558,5248 1558,5248 1558,5248"/>
                    <TextEquiv>
                        <Unicode>ita</Unicode>
                    </TextEquiv>
                </Word>
                <Word id="r2l34_w6" custom="readingOrder {index:5;}">
                    <Coords points="1691,5243 1691,5303 1989,5303 1989,5243 1691,5243 1691,5243 1691,5243"/>
                    <TextEquiv>
                        <Unicode>confitendo</Unicode>
                    </TextEquiv>
                </Word>
                <Word id="r2l34_w7" custom="readingOrder {index:6;}">
                    <Coords points="2022,5229 2022,5289 2261,5289 2261,5229 2022,5229 2022,5229 2022,5229"/>
                    <TextEquiv>
                        <Unicode>delictum</Unicode>
                    </TextEquiv>
                </Word>
                <TextEquiv>
                    <Unicode>gerebat et roris atque ita confitendo delictum</Unicode>
                </TextEquiv>
            </TextLine>
            <TextLine id="r2l35" custom="readingOrder {index:34;}">
                <Coords points="820,5458 1615,5453 1725,5408 1882,5476 2018,5406 2179,5424 2177,5289 1713,5353 1420,5300 819,5348"/>
                <Baseline points="828,5410 895,5408 962,5406 1029,5404 1096,5404 1163,5402 1230,5402 1297,5400 1364,5400 1431,5400 1498,5398 1565,5398 1632,5396 1699,5396 1766,5396 1833,5394 1900,5394 1967,5392 2034,5392 2101,5390 2168,5388"/>
                <Word id="r2l35_w1" custom="readingOrder {index:0;}">
                    <Coords points="864,5364 864,5424 1259,5424 1259,5364 864,5364 864,5364 864,5364"/>
                    <TextEquiv>
                        <Unicode>iustifficabat</Unicode>
                    </TextEquiv>
                </Word>
                <Word id="r2l35_w2" custom="readingOrder {index:1;}">
                    <Coords points="1287,5360 1287,5420 1439,5420 1439,5360 1287,5360 1287,5360 1287,5360"/>
                    <TextEquiv>
                        <Unicode>dmim</Unicode>
                    </TextEquiv>
                </Word>
                <Word id="r2l35_w3" custom="readingOrder {index:2;}">
                    <Coords points="1487,5358 1487,5418 1543,5418 1543,5358 1487,5358 1487,5358 1487,5358"/>
                    <TextEquiv>
                        <Unicode>et</Unicode>
                    </TextEquiv>
                </Word>
                <Word id="r2l35_w4" custom="readingOrder {index:3;}">
                    <Coords points="1571,5356 1571,5416 1668,5416 1668,5356 1571,5356 1571,5356 1571,5356"/>
                    <TextEquiv>
                        <Unicode>ipse</Unicode>
                    </TextEquiv>
                </Word>
                <Word id="r2l35_w5" custom="readingOrder {index:4;}">
                    <Coords points="1710,5354 1710,5414 1987,5414 1987,5354 1710,5354 1710,5354 1710,5354"/>
                    <TextEquiv>
                        <Unicode>iustificab</Unicode>
                    </TextEquiv>
                </Word>
                <Word id="r2l35_w6" custom="readingOrder {index:5;}">
                    <Coords points="2028,5350 2028,5410 2133,5410 2133,5350 2028,5350 2028,5350 2028,5350"/>
                    <TextEquiv>
                        <Unicode>atum</Unicode>
                    </TextEquiv>
                </Word>
                <TextEquiv>
                    <Unicode>iustifficabat dominum et ipse iustificabatur</Unicode>
                </TextEquiv>
            </TextLine>
            <TextEquiv>
                <Unicode>est quod per ordinatam confessionem
deletur et remediatur infirmitas
anime que est peccatum / sicut dicit gregorius in pastorali
c. 38o vulnera clausa plus cruciant Nam
cum putredo que intus fervet eicitur
ad salutem dolor aperitur ita in confessione
eicitur putredo peccati 3a utilitas est con¬
fessio infundit homini graciam / quam
perdidit per pecctum / ymo restituit ei dei
amiciciam / aut auget eam / sicut in aliis
sacramentis gracia datur / vel data prius augetur
nova legis ita in cenfessione sacramentali Unde
dicit cassiodorus super illud psalmi Confiteantur
tibi populi deus / Ille non iudex sed advo¬
catus est Cristus / qui se propria confessione
dampnavit Et leo papa in quodam sermone
Non remonent in iudicio condempnandum
quod fuerit in confessione purgatum
Ex hoc sequitur 4a utilitas / quod confessio ostendit
deum iustum / et facit de iniusto homine
iustum, sicut dicit Ambrosius super beati
inmaculati Qui se accusat et si peccator
est iustus esse incipit quia nec sibi
parcit et dei iusticias confitetur Ideo
publicanus magis iustissicatus exivit
de templo quam phariseus / qui se iusti¬
ficabat / publicanus autem iustifficabat
deum suas proprias iniquitates confitendo
Et idem primo de appologia david capitulo
26o dicit Ait david peccavi domino / ergo qua
daid semper habebat contra se delictum suum
utique non negabat quod et agnoscebat
non negando autem / utique commissi penitenciam
gerebat et roris atque ita confitendo delictum
iustifficabat dominum et ipse iustificabatur</Unicode>
            </TextEquiv>
        </TextRegion>
        <TextRegion orientation="0.0" id="r3" custom="readingOrder {index:1;}">
            <Coords points="2444,1092 2444,5392 4010,5392 4010,1092"/>
            <TextLine id="r3l1" custom="readingOrder {index:0;}">
                <Coords points="2434,1183 2739,1253 2898,1198 3866,1189 3861,1002 2923,1098 2630,987 2430,1048"/>
                <Baseline points="2444,1176 2514,1180 2585,1182 2655,1184 2726,1186 2797,1184 2867,1184 2938,1182 3008,1180 3079,1178 3150,1175 3220,1172 3291,1168 3361,1165 3432,1162 3503,1158 3573,1156 3644,1152 3714,1150 3785,1148 3893,1137"/>
                <Word id="r3l1_w1" custom="readingOrder {index:0;}">
                    <Coords points="2563,1142 2563,1202 2635,1202 2635,1142 2563,1142 2563,1142 2563,1142"/>
                    <TextEquiv>
                        <Unicode>ad</Unicode>
                    </TextEquiv>
                </Word>
                <Word id="r3l1_w2" custom="readingOrder {index:1;}">
                    <Coords points="2655,1144 2655,1204 3034,1204 3034,1144 2655,1144 2655,1144 2655,1144"/>
                    <TextEquiv>
                        <Unicode>inonsistofsiciat</Unicode>
                    </TextEquiv>
                </Word>
                <Word id="r3l1_w3" custom="readingOrder {index:2;}">
                    <Coords points="3065,1135 3065,1195 3188,1195 3188,1135 3065,1135 3065,1135 3065,1135"/>
                    <TextEquiv>
                        <Unicode>aut</Unicode>
                    </TextEquiv>
                </Word>
                <Word id="r3l1_w4" custom="readingOrder {index:3;}">
                    <Coords points="3218,1128 3218,1188 3351,1188 3351,1128 3218,1128 3218,1128 3218,1128"/>
                    <TextEquiv>
                        <Unicode>omins</Unicode>
                    </TextEquiv>
                </Word>
                <Word id="r3l1_w5" custom="readingOrder {index:4;}">
                    <Coords points="3363,1124 3363,1184 3373,1184 3373,1124 3363,1124 3363,1124 3363,1124"/>
                    <TextEquiv>
                        <Unicode>/</Unicode>
                    </TextEquiv>
                </Word>
                <Word id="r3l1_w6" custom="readingOrder {index:5;}">
                    <Coords points="3383,1122 3383,1182 3465,1182 3465,1122 3383,1122 3383,1122 3383,1122"/>
                    <TextEquiv>
                        <Unicode>cul</Unicode>
                    </TextEquiv>
                </Word>
                <Word id="r3l1_w7" custom="readingOrder {index:6;}">
                    <Coords points="3475,1111 3475,1171 3824,1171 3824,1111 3475,1111 3475,1111 3475,1111"/>
                    <TextEquiv>
                        <Unicode>eupdiciatr</Unicode>
                    </TextEquiv>
                </Word>
                <TextEquiv>
                    <Unicode>a domino Iustificatur autem dominus / cum eius predicatur</Unicode>
                </TextEquiv>
            </TextLine>
            <TextLine id="r3l2" custom="readingOrder {index:1;}">
                <Coords points="2438,1352 2582,1388 2724,1318 3046,1311 3247,1374 3402,1306 3513,1340 3831,1289 3829,1213 3754,1174 3591,1231 3405,1185 3145,1242 2870,1204 2814,1261 2436,1240"/>
                <Baseline points="2446,1290 2514,1295 2583,1298 2652,1300 2720,1300 2789,1302 2858,1301 2926,1300 2995,1298 3064,1298 3133,1294 3201,1292 3270,1290 3339,1286 3407,1284 3476,1282 3545,1280 3613,1277 3682,1276 3751,1274 3820,1274"/>
                <Word id="r3l2_w1" custom="readingOrder {index:0;}">
                    <Coords points="2456,1257 2456,1317 2674,1317 2674,1257 2456,1257 2456,1257 2456,1257"/>
                    <TextEquiv>
                        <Unicode>iusticia</Unicode>
                    </TextEquiv>
                </Word>
                <Word id="r3l2_w2" custom="readingOrder {index:1;}">
                    <Coords points="2705,1260 2705,1320 2720,1320 2720,1260 2705,1260 2705,1260 2705,1260"/>
                    <TextEquiv>
                        <Unicode>/</Unicode>
                    </TextEquiv>
                </Word>
                <Word id="r3l2_w3" custom="readingOrder {index:2;}">
                    <Coords points="2736,1261 2736,1321 2791,1321 2791,1261 2736,1261 2736,1261 2736,1261"/>
                    <TextEquiv>
                        <Unicode>et</Unicode>
                    </TextEquiv>
                </Word>
                <Word id="r3l2_w4" custom="readingOrder {index:3;}">
                    <Coords points="2822,1260 2822,1320 2962,1320 2962,1260 2822,1260 2822,1260 2822,1260"/>
                    <TextEquiv>
                        <Unicode>abeo</Unicode>
                    </TextEquiv>
                </Word>
                <Word id="r3l2_w5" custom="readingOrder {index:4;}">
                    <Coords points="3000,1256 3000,1316 3194,1316 3194,1256 3000,1256 3000,1256 3000,1256"/>
                    <TextEquiv>
                        <Unicode>venia</Unicode>
                    </TextEquiv>
                </Word>
                <Word id="r3l2_w6" custom="readingOrder {index:5;}">
                    <Coords points="3234,1245 3234,1305 3498,1305 3498,1245 3234,1245 3234,1245 3234,1245"/>
                    <TextEquiv>
                        <Unicode>postulatr</Unicode>
                    </TextEquiv>
                </Word>
                <Word id="r3l2_w7" custom="readingOrder {index:6;}">
                    <Coords points="3521,1236 3521,1296 3708,1296 3708,1236 3521,1236 3521,1236 3521,1236"/>
                    <TextEquiv>
                        <Unicode>sinul</Unicode>
                    </TextEquiv>
                </Word>
                <Word id="r3l2_w8" custom="readingOrder {index:7;}">
                    <Coords points="3755,1234 3755,1294 3816,1294 3816,1234 3755,1234 3755,1234 3755,1234"/>
                    <TextEquiv>
                        <Unicode>et</Unicode>
                    </TextEquiv>
                </Word>
                <TextEquiv>
                    <Unicode>iusticia / et ab eo venia postulatur simul et</Unicode>
                </TextEquiv>
            </TextLine>
            <TextLine id="r3l3" custom="readingOrder {index:2;}">
                <Coords points="2440,1497 2584,1448 2673,1497 2832,1442 3648,1459 3866,1402 3864,1314 3807,1302 3535,1358 3441,1319 3246,1373 3178,1317 2438,1377"/>
                <Baseline points="2448,1432 2518,1432 2588,1432 2659,1432 2729,1432 2800,1432 2870,1430 2940,1428 3011,1428 3081,1425 3152,1423 3222,1420 3292,1419 3363,1416 3433,1414 3504,1412 3574,1410 3644,1408 3715,1406 3785,1404 3856,1402"/>
                <Word id="r3l3_w1" custom="readingOrder {index:0;}">
                    <Coords points="2489,1392 2489,1452 2598,1452 2598,1392 2489,1392 2489,1392 2489,1392"/>
                    <TextEquiv>
                        <Unicode>ipse</Unicode>
                    </TextEquiv>
                </Word>
                <Word id="r3l3_w2" custom="readingOrder {index:1;}">
                    <Coords points="2625,1391 2625,1451 2987,1451 2987,1391 2625,1391 2625,1391 2625,1391"/>
                    <TextEquiv>
                        <Unicode>iustifficabit</Unicode>
                    </TextEquiv>
                </Word>
                <Word id="r3l3_w3" custom="readingOrder {index:2;}">
                    <Coords points="3021,1382 3021,1442 3329,1442 3329,1382 3021,1382 3021,1382 3021,1382"/>
                    <TextEquiv>
                        <Unicode>confitentem</Unicode>
                    </TextEquiv>
                </Word>
                <Word id="r3l3_w4" custom="readingOrder {index:3;}">
                    <Coords points="3356,1376 3356,1436 3370,1436 3370,1376 3356,1376 3356,1376 3356,1376"/>
                    <TextEquiv>
                        <Unicode>/</Unicode>
                    </TextEquiv>
                </Word>
                <Word id="r3l3_w5" custom="readingOrder {index:4;}">
                    <Coords points="3383,1374 3383,1434 3444,1434 3444,1374 3383,1374 3383,1374 3383,1374"/>
                    <TextEquiv>
                        <Unicode>et</Unicode>
                    </TextEquiv>
                </Word>
                <Word id="r3l3_w6" custom="readingOrder {index:5;}">
                    <Coords points="3472,1367 3472,1427 3847,1427 3847,1367 3472,1367 3472,1367 3472,1367"/>
                    <TextEquiv>
                        <Unicode>iustisficatur</Unicode>
                    </TextEquiv>
                </Word>
                <TextEquiv>
                    <Unicode>ipse iustifficabit confitentem / et iustisficatur</Unicode>
                </TextEquiv>
            </TextLine>
            <TextLine id="r3l4" custom="readingOrder {index:3;}">
                <Coords points="2448,1591 3235,1572 3325,1619 3866,1551 3824,1462 3418,1438 2446,1500"/>
                <Baseline points="2456,1556 2526,1556 2596,1554 2666,1554 2736,1552 2806,1552 2876,1552 2946,1550 3016,1550 3086,1549 3156,1548 3226,1546 3296,1546 3366,1544 3436,1543 3506,1542 3576,1540 3646,1538 3716,1536 3786,1533 3856,1530"/>
                <Word id="r3l4_w1" custom="readingOrder {index:0;}">
                    <Coords points="2466,1516 2466,1576 2536,1576 2536,1516 2466,1516 2466,1516 2466,1516"/>
                    <TextEquiv>
                        <Unicode>in</Unicode>
                    </TextEquiv>
                </Word>
                <Word id="r3l4_w2" custom="readingOrder {index:1;}">
                    <Coords points="2551,1512 2551,1572 2949,1572 2949,1512 2551,1512 2551,1512 2551,1512"/>
                    <TextEquiv>
                        <Unicode>sermonibus</Unicode>
                    </TextEquiv>
                </Word>
                <Word id="r3l4_w3" custom="readingOrder {index:2;}">
                    <Coords points="2972,1509 2972,1569 3120,1569 3120,1509 2972,1509 2972,1509 2972,1509"/>
                    <TextEquiv>
                        <Unicode>fuis</Unicode>
                    </TextEquiv>
                </Word>
                <Word id="r3l4_w4" custom="readingOrder {index:3;}">
                    <Coords points="3143,1506 3143,1566 3252,1566 3252,1506 3143,1506 3143,1506 3143,1506"/>
                    <TextEquiv>
                        <Unicode>sicut</Unicode>
                    </TextEquiv>
                </Word>
                <Word id="r3l4_w5" custom="readingOrder {index:4;}">
                    <Coords points="3268,1504 3268,1564 3463,1564 3463,1504 3268,1504 3268,1504 3268,1504"/>
                    <TextEquiv>
                        <Unicode>sciptum</Unicode>
                    </TextEquiv>
                </Word>
                <Word id="r3l4_w6" custom="readingOrder {index:5;}">
                    <Coords points="3486,1501 3486,1561 3579,1561 3579,1501 3486,1501 3486,1501 3486,1501"/>
                    <TextEquiv>
                        <Unicode>est</Unicode>
                    </TextEquiv>
                </Word>
                <Word id="r3l4_w7" custom="readingOrder {index:6;}">
                    <Coords points="3626,1497 3626,1557 3735,1557 3735,1497 3626,1497 3626,1497 3626,1497"/>
                    <TextEquiv>
                        <Unicode>dic</Unicode>
                    </TextEquiv>
                </Word>
                <Word id="r3l4_w8" custom="readingOrder {index:7;}">
                    <Coords points="3782,1491 3782,1551 3859,1551 3859,1491 3782,1491 3782,1491 3782,1491"/>
                    <TextEquiv>
                        <Unicode>in</Unicode>
                    </TextEquiv>
                </Word>
                <TextEquiv>
                    <Unicode>in sermonibus suis sicut scriptum est dic in¬</Unicode>
                </TextEquiv>
            </TextLine>
            <TextLine id="r3l5" custom="readingOrder {index:4;}">
                <Coords points="2444,1729 2506,1757 2737,1684 3216,1735 3869,1660 3840,1542 3603,1615 2442,1599"/>
                <Baseline points="2452,1682 2522,1679 2592,1678 2663,1676 2733,1676 2804,1674 2874,1674 2944,1674 3015,1674 3085,1674 3156,1674 3226,1674 3296,1672 3367,1672 3437,1670 3508,1668 3578,1666 3648,1662 3719,1658 3789,1653 3860,1648"/>
                <Word id="r3l5_w1" custom="readingOrder {index:0;}">
                    <Coords points="2514,1636 2514,1696 2755,1696 2755,1636 2514,1636 2514,1636 2514,1636"/>
                    <TextEquiv>
                        <Unicode>iquitates</Unicode>
                    </TextEquiv>
                </Word>
                <Word id="r3l5_w2" custom="readingOrder {index:1;}">
                    <Coords points="2783,1634 2783,1694 2928,1694 2928,1634 2783,1634 2783,1634 2783,1634"/>
                    <TextEquiv>
                        <Unicode>tuas</Unicode>
                    </TextEquiv>
                </Word>
                <Word id="r3l5_w3" custom="readingOrder {index:2;}">
                    <Coords points="2962,1634 2962,1694 3044,1694 3044,1634 2962,1634 2962,1634 2962,1634"/>
                    <TextEquiv>
                        <Unicode>ut</Unicode>
                    </TextEquiv>
                </Word>
                <Word id="r3l5_w4" custom="readingOrder {index:3;}">
                    <Coords points="3079,1632 3079,1692 3465,1692 3465,1632 3079,1632 3079,1632 3079,1632"/>
                    <TextEquiv>
                        <Unicode>iustifficeris</Unicode>
                    </TextEquiv>
                </Word>
                <Word id="r3l5_w5" custom="readingOrder {index:4;}">
                    <Coords points="3506,1624 3506,1684 3692,1684 3692,1624 3506,1624 3506,1624 3506,1624"/>
                    <TextEquiv>
                        <Unicode>Quid</Unicode>
                    </TextEquiv>
                </Word>
                <Word id="r3l5_w6" custom="readingOrder {index:5;}">
                    <Coords points="3727,1613 3727,1673 3843,1673 3843,1613 3727,1613 3727,1613 3727,1613"/>
                    <TextEquiv>
                        <Unicode>enim</Unicode>
                    </TextEquiv>
                </Word>
                <TextEquiv>
                    <Unicode>iquitates tuas ut iustifficeris Quid enim</Unicode>
                </TextEquiv>
            </TextLine>
            <TextLine id="r3l6" custom="readingOrder {index:5;}">
                <Coords points="2451,1862 3818,1836 3855,1692 3507,1741 3350,1696 3065,1750 2845,1698 2718,1746 2449,1734"/>
                <Baseline points="2460,1804 2529,1804 2598,1806 2668,1806 2737,1806 2807,1806 2876,1806 2945,1806 3015,1806 3084,1804 3154,1804 3223,1802 3292,1802 3362,1800 3431,1798 3501,1796 3570,1794 3639,1792 3709,1788 3778,1786 3848,1782"/>
                <Word id="r3l6_w1" custom="readingOrder {index:0;}">
                    <Coords points="2470,1764 2470,1824 2532,1824 2532,1764 2470,1764 2470,1764 2470,1764"/>
                    <TextEquiv>
                        <Unicode>in</Unicode>
                    </TextEquiv>
                </Word>
                <Word id="r3l6_w2" custom="readingOrder {index:1;}">
                    <Coords points="2539,1765 2539,1825 2602,1825 2602,1765 2539,1765 2539,1765 2539,1765"/>
                    <TextEquiv>
                        <Unicode>quem</Unicode>
                    </TextEquiv>
                </Word>
                <Word id="r3l6_w3" custom="readingOrder {index:2;}">
                    <Coords points="2640,1766 2640,1826 2992,1826 2992,1766 2640,1766 2640,1766 2640,1766"/>
                    <TextEquiv>
                        <Unicode>vulbrlmus</Unicode>
                    </TextEquiv>
                </Word>
                <Word id="r3l6_w4" custom="readingOrder {index:3;}">
                    <Coords points="3031,1762 3031,1822 3351,1822 3351,1762 3031,1762 3031,1762 3031,1762"/>
                    <TextEquiv>
                        <Unicode>indesacricis</Unicode>
                    </TextEquiv>
                </Word>
                <Word id="r3l6_w5" custom="readingOrder {index:4;}">
                    <Coords points="3367,1756 3367,1816 3624,1816 3624,1756 3367,1756 3367,1756 3367,1756"/>
                    <TextEquiv>
                        <Unicode>iustius</Unicode>
                    </TextEquiv>
                </Word>
                <Word id="r3l6_w6" custom="readingOrder {index:5;}">
                    <Coords points="3647,1749 3647,1809 3734,1809 3734,1749 3647,1749 3647,1749 3647,1749"/>
                    <TextEquiv>
                        <Unicode>est</Unicode>
                    </TextEquiv>
                </Word>
                <Word id="r3l6_w7" custom="readingOrder {index:6;}">
                    <Coords points="3757,1746 3757,1806 3772,1806 3772,1746 3757,1746 3757,1746 3757,1746"/>
                    <TextEquiv>
                        <Unicode>/</Unicode>
                    </TextEquiv>
                </Word>
                <Word id="r3l6_w8" custom="readingOrder {index:7;}">
                    <Coords points="3788,1743 3788,1803 3858,1803 3858,1743 3788,1743 3788,1743 3788,1743"/>
                    <TextEquiv>
                        <Unicode>quia</Unicode>
                    </TextEquiv>
                </Word>
                <TextEquiv>
                    <Unicode>inquid willhelmus in de sacramentis iustius est / quam</Unicode>
                </TextEquiv>
            </TextLine>
            <TextLine id="r3l7" custom="readingOrder {index:6;}">
                <Coords points="2458,1990 3889,1928 3887,1844 3788,1818 2456,1868"/>
                <Baseline points="2466,1928 2536,1928 2607,1930 2677,1930 2748,1930 2819,1930 2889,1928 2960,1928 3030,1926 3101,1925 3172,1924 3242,1922 3313,1920 3383,1920 3454,1918 3525,1916 3595,1914 3666,1912 3736,1912 3807,1910 3878,1908"/>
                <Word id="r3l7_w1" custom="readingOrder {index:0;}">
                    <Coords points="2469,1888 2469,1948 2595,1948 2595,1888 2469,1888 2469,1888 2469,1888"/>
                    <TextEquiv>
                        <Unicode>qui</Unicode>
                    </TextEquiv>
                </Word>
                <Word id="r3l7_w2" custom="readingOrder {index:1;}">
                    <Coords points="2618,1890 2618,1950 2895,1950 2895,1890 2618,1890 2618,1890 2618,1890"/>
                    <TextEquiv>
                        <Unicode>peccando</Unicode>
                    </TextEquiv>
                </Word>
                <Word id="r3l7_w3" custom="readingOrder {index:2;}">
                    <Coords points="2927,1888 2927,1948 2990,1948 2990,1888 2927,1888 2927,1888 2927,1888"/>
                    <TextEquiv>
                        <Unicode>se</Unicode>
                    </TextEquiv>
                </Word>
                <Word id="r3l7_w4" custom="readingOrder {index:3;}">
                    <Coords points="3021,1884 3021,1944 3219,1944 3219,1884 3021,1884 3021,1884 3021,1884"/>
                    <TextEquiv>
                        <Unicode>suprer</Unicode>
                    </TextEquiv>
                </Word>
                <Word id="r3l7_w5" custom="readingOrder {index:4;}">
                    <Coords points="3250,1880 3250,1940 3306,1940 3306,1880 3250,1880 3250,1880 3250,1880"/>
                    <TextEquiv>
                        <Unicode>se</Unicode>
                    </TextEquiv>
                </Word>
                <Word id="r3l7_w6" custom="readingOrder {index:5;}">
                    <Coords points="3353,1877 3353,1937 3606,1937 3606,1877 3353,1877 3353,1877 3353,1877"/>
                    <TextEquiv>
                        <Unicode>extulit</Unicode>
                    </TextEquiv>
                </Word>
                <Word id="r3l7_w7" custom="readingOrder {index:6;}">
                    <Coords points="3637,1872 3637,1932 3653,1932 3653,1872 3637,1872 3637,1872 3637,1872"/>
                    <TextEquiv>
                        <Unicode>/</Unicode>
                    </TextEquiv>
                </Word>
                <Word id="r3l7_w8" custom="readingOrder {index:7;}">
                    <Coords points="3669,1872 3669,1932 3740,1932 3740,1872 3669,1872 3669,1872 3669,1872"/>
                    <TextEquiv>
                        <Unicode>quod</Unicode>
                    </TextEquiv>
                </Word>
                <Word id="r3l7_w9" custom="readingOrder {index:8;}">
                    <Coords points="3756,1869 3756,1929 3874,1929 3874,1869 3756,1869 3756,1869 3756,1869"/>
                    <TextEquiv>
                        <Unicode>talis</Unicode>
                    </TextEquiv>
                </Word>
                <TextEquiv>
                    <Unicode>qui peccando se super se extulit / quod talis</Unicode>
                </TextEquiv>
            </TextLine>
            <TextLine id="r3l8" custom="readingOrder {index:7;}">
                <Coords points="2450,2072 2848,2067 2933,2111 2984,2070 3124,2120 3210,2057 3876,2044 3874,1968 3725,1946 2449,2005"/>
                <Baseline points="2460,2050 2530,2050 2600,2052 2670,2052 2741,2052 2811,2052 2881,2050 2952,2049 3022,2048 3092,2046 3163,2044 3233,2042 3303,2040 3373,2038 3444,2038 3514,2036 3584,2034 3655,2034 3725,2034 3795,2034 3866,2034"/>
                <Word id="r3l8_w1" custom="readingOrder {index:0;}">
                    <Coords points="2477,2012 2477,2072 2886,2072 2886,2012 2477,2012 2477,2012 2477,2012"/>
                    <TextEquiv>
                        <Unicode>emendando</Unicode>
                    </TextEquiv>
                </Word>
                <Word id="r3l8_w2" custom="readingOrder {index:1;}">
                    <Coords points="2931,2008 2931,2068 2982,2068 2982,2008 2931,2008 2931,2008 2931,2008"/>
                    <TextEquiv>
                        <Unicode>se</Unicode>
                    </TextEquiv>
                </Word>
                <Word id="r3l8_w3" custom="readingOrder {index:2;}">
                    <Coords points="3021,2003 3021,2063 3309,2063 3309,2003 3021,2003 3021,2003 3021,2003"/>
                    <TextEquiv>
                        <Unicode>depemat</Unicode>
                    </TextEquiv>
                </Word>
                <Word id="r3l8_w4" custom="readingOrder {index:3;}">
                    <Coords points="3334,1998 3334,2058 3354,2058 3354,1998 3334,1998 3334,1998 3334,1998"/>
                    <TextEquiv>
                        <Unicode>/</Unicode>
                    </TextEquiv>
                </Word>
                <Word id="r3l8_w5" custom="readingOrder {index:4;}">
                    <Coords points="3373,1998 3373,2058 3424,2058 3424,1998 3373,1998 3373,1998 3373,1998"/>
                    <TextEquiv>
                        <Unicode>et</Unicode>
                    </TextEquiv>
                </Word>
                <Word id="r3l8_w6" custom="readingOrder {index:5;}">
                    <Coords points="3469,1995 3469,2055 3629,2055 3629,1995 3469,1995 3469,1995 3469,1995"/>
                    <TextEquiv>
                        <Unicode>aliis</Unicode>
                    </TextEquiv>
                </Word>
                <Word id="r3l8_w7" custom="readingOrder {index:6;}">
                    <Coords points="3667,1994 3667,2054 3732,2054 3732,1994 3667,1994 3667,1994 3667,1994"/>
                    <TextEquiv>
                        <Unicode>ad</Unicode>
                    </TextEquiv>
                </Word>
                <Word id="r3l8_w8" custom="readingOrder {index:7;}">
                    <Coords points="3751,1994 3751,2054 3853,2054 3853,1994 3751,1994 3751,1994 3751,1994"/>
                    <TextEquiv>
                        <Unicode>cor¬</Unicode>
                    </TextEquiv>
                </Word>
                <TextEquiv>
                    <Unicode>emendando se deprimat / et aliis ad cor¬</Unicode>
                </TextEquiv>
            </TextLine>
            <TextLine id="r3l9" custom="readingOrder {index:8;}">
                <Coords points="2464,2198 2567,2241 3377,2177 3598,2228 3895,2163 3856,2087 3568,2098 3449,2048 3109,2129 2742,2061 2463,2120"/>
                <Baseline points="2472,2176 2542,2176 2613,2174 2684,2174 2754,2172 2825,2172 2896,2172 2966,2170 3037,2170 3108,2170 3179,2168 3249,2168 3320,2168 3391,2166 3461,2166 3532,2164 3603,2164 3673,2162 3744,2160 3815,2158 3886,2156"/>
                <Word id="r3l9_w1" custom="readingOrder {index:0;}">
                    <Coords points="2502,2134 2502,2194 2812,2194 2812,2134 2502,2134 2502,2134 2502,2134"/>
                    <TextEquiv>
                        <Unicode>rigendum</Unicode>
                    </TextEquiv>
                </Word>
                <Word id="r3l9_w2" custom="readingOrder {index:1;}">
                    <Coords points="2840,2130 2840,2190 3106,2190 3106,2130 2840,2130 2840,2130 2840,2130"/>
                    <TextEquiv>
                        <Unicode>fatendo</Unicode>
                    </TextEquiv>
                </Word>
                <Word id="r3l9_w3" custom="readingOrder {index:2;}">
                    <Coords points="3150,2128 3150,2188 3329,2188 3329,2128 3150,2128 3150,2128 3150,2128"/>
                    <TextEquiv>
                        <Unicode>culpam</Unicode>
                    </TextEquiv>
                </Word>
                <Word id="r3l9_w4" custom="readingOrder {index:3;}">
                    <Coords points="3351,2126 3351,2186 3480,2186 3480,2126 3351,2126 3351,2126 3351,2126"/>
                    <TextEquiv>
                        <Unicode>suam</Unicode>
                    </TextEquiv>
                </Word>
                <Word id="r3l9_w5" custom="readingOrder {index:4;}">
                    <Coords points="3509,2124 3509,2184 3559,2184 3559,2124 3509,2124 3509,2124 3509,2124"/>
                    <TextEquiv>
                        <Unicode>se</Unicode>
                    </TextEquiv>
                </Word>
                <Word id="r3l9_w6" custom="readingOrder {index:5;}">
                    <Coords points="3588,2123 3588,2183 3624,2183 3624,2123 3588,2123 3588,2123 3588,2123"/>
                    <TextEquiv>
                        <Unicode>ex</Unicode>
                    </TextEquiv>
                </Word>
                <Word id="r3l9_w7" custom="readingOrder {index:6;}">
                    <Coords points="3659,2119 3659,2179 3847,2179 3847,2119 3659,2119 3659,2119 3659,2119"/>
                    <TextEquiv>
                        <Unicode>ponat</Unicode>
                    </TextEquiv>
                </Word>
                <TextEquiv>
                    <Unicode>rigendum fatendo culpam suam se exponat</Unicode>
                </TextEquiv>
            </TextLine>
            <TextLine id="r3l10" custom="readingOrder {index:9;}">
                <Coords points="2468,2369 2589,2394 2997,2306 3055,2349 3125,2300 3272,2338 3489,2303 3639,2366 3861,2300 3860,2212 3288,2245 2990,2178 2466,2241"/>
                <Baseline points="2476,2308 2544,2304 2613,2302 2682,2300 2751,2298 2820,2297 2888,2296 2957,2294 3026,2294 3095,2292 3164,2292 3232,2290 3301,2290 3370,2290 3439,2289 3508,2288 3576,2288 3645,2287 3714,2286 3783,2286 3852,2284"/>
                <Word id="r3l10_w1" custom="readingOrder {index:0;}">
                    <Coords points="2481,2265 2481,2325 2548,2325 2548,2265 2481,2265 2481,2265 2481,2265"/>
                    <TextEquiv>
                        <Unicode>quod</Unicode>
                    </TextEquiv>
                </Word>
                <Word id="r3l10_w2" custom="readingOrder {index:1;}">
                    <Coords points="2565,2261 2565,2321 2726,2321 2726,2261 2565,2261 2565,2261 2565,2261"/>
                    <TextEquiv>
                        <Unicode>quis</Unicode>
                    </TextEquiv>
                </Word>
                <Word id="r3l10_w3" custom="readingOrder {index:2;}">
                    <Coords points="2752,2257 2752,2317 2853,2317 2853,2257 2752,2257 2752,2257 2752,2257"/>
                    <TextEquiv>
                        <Unicode>falt</Unicode>
                    </TextEquiv>
                </Word>
                <Word id="r3l10_w4" custom="readingOrder {index:3;}">
                    <Coords points="2878,2254 2878,2314 3014,2314 3014,2254 2878,2254 2878,2254 2878,2254"/>
                    <TextEquiv>
                        <Unicode>peccata</Unicode>
                    </TextEquiv>
                </Word>
                <Word id="r3l10_w5" custom="readingOrder {index:4;}">
                    <Coords points="3057,2252 3057,2312 3176,2312 3176,2252 3057,2252 3057,2252 3057,2252"/>
                    <TextEquiv>
                        <Unicode>sua</Unicode>
                    </TextEquiv>
                </Word>
                <Word id="r3l10_w6" custom="readingOrder {index:5;}">
                    <Coords points="3218,2250 3218,2310 3506,2310 3506,2250 3218,2250 3218,2250 3218,2250"/>
                    <TextEquiv>
                        <Unicode>humiliter</Unicode>
                    </TextEquiv>
                </Word>
                <Word id="r3l10_w7" custom="readingOrder {index:6;}">
                    <Coords points="3556,2246 3556,2306 3853,2306 3853,2246 3556,2246 3556,2246 3556,2246"/>
                    <TextEquiv>
                        <Unicode>confitendo</Unicode>
                    </TextEquiv>
                </Word>
                <TextEquiv>
                    <Unicode>quod quis facit peccata sua humiliter confitendo</Unicode>
                </TextEquiv>
            </TextLine>
            <TextLine id="r3l11" custom="readingOrder {index:10;}">
                <Coords points="2470,2466 2708,2434 2921,2493 3150,2431 3497,2499 3629,2433 3925,2439 3922,2326 3557,2379 3303,2327 2468,2369"/>
                <Baseline points="2480,2436 2551,2436 2623,2435 2695,2434 2766,2433 2838,2432 2910,2430 2981,2430 3053,2428 3125,2426 3197,2424 3268,2424 3340,2422 3412,2420 3483,2418 3555,2417 3627,2415 3698,2414 3770,2412 3842,2411 3914,2410"/>
                <Word id="r3l11_w1" custom="readingOrder {index:0;}">
                    <Coords points="2500,2395 2500,2455 2687,2455 2687,2395 2500,2395 2500,2395 2500,2395"/>
                    <TextEquiv>
                        <Unicode>Quto</Unicode>
                    </TextEquiv>
                </Word>
                <Word id="r3l11_w2" custom="readingOrder {index:1;}">
                    <Coords points="2724,2391 2724,2451 3012,2451 3012,2391 2724,2391 2724,2391 2724,2391"/>
                    <TextEquiv>
                        <Unicode>confessio</Unicode>
                    </TextEquiv>
                </Word>
                <Word id="r3l11_w3" custom="readingOrder {index:2;}">
                    <Coords points="3055,2386 3055,2446 3141,2446 3141,2386 3055,2386 3055,2386 3055,2386"/>
                    <TextEquiv>
                        <Unicode>est</Unicode>
                    </TextEquiv>
                </Word>
                <Word id="r3l11_w4" custom="readingOrder {index:3;}">
                    <Coords points="3177,2383 3177,2443 3365,2443 3365,2383 3177,2383 3177,2383 3177,2383"/>
                    <TextEquiv>
                        <Unicode>utilis</Unicode>
                    </TextEquiv>
                </Word>
                <Word id="r3l11_w5" custom="readingOrder {index:4;}">
                    <Coords points="3408,2379 3408,2439 3480,2439 3480,2379 3408,2379 3408,2379 3408,2379"/>
                    <TextEquiv>
                        <Unicode>quia</Unicode>
                    </TextEquiv>
                </Word>
                <Word id="r3l11_w6" custom="readingOrder {index:5;}">
                    <Coords points="3487,2377 3487,2437 3567,2437 3567,2377 3487,2377 3487,2377 3487,2377"/>
                    <TextEquiv>
                        <Unicode>propter</Unicode>
                    </TextEquiv>
                </Word>
                <Word id="r3l11_w7" custom="readingOrder {index:6;}">
                    <Coords points="3581,2375 3581,2435 3653,2435 3653,2375 3581,2375 3581,2375 3581,2375"/>
                    <TextEquiv>
                        <Unicode>eam</Unicode>
                    </TextEquiv>
                </Word>
                <Word id="r3l11_w8" custom="readingOrder {index:7;}">
                    <Coords points="3681,2371 3681,2431 3935,2431 3935,2371 3681,2371 3681,2371 3681,2371"/>
                    <TextEquiv>
                        <Unicode>remittitur</Unicode>
                    </TextEquiv>
                </Word>
                <TextEquiv>
                    <Unicode>Quinto confessio est utilis quia propter eam remittitur</Unicode>
                </TextEquiv>
            </TextLine>
            <TextLine id="r3l12" custom="readingOrder {index:11;}">
                <Coords points="2454,2637 2700,2641 2805,2572 3906,2584 3903,2447 3790,2436 3498,2499 3153,2449 3059,2503 2784,2454 2451,2490"/>
                <Baseline points="2462,2556 2533,2558 2605,2558 2677,2560 2748,2560 2820,2560 2892,2558 2963,2558 3035,2556 3107,2554 3179,2552 3250,2550 3322,2548 3394,2546 3465,2543 3537,2540 3609,2538 3680,2535 3752,2533 3824,2530 3940,2528"/>
                <Word id="r3l12_w1" custom="readingOrder {index:0;}">
                    <Coords points="2513,2518 2513,2578 2667,2578 2667,2518 2513,2518 2513,2518 2513,2518"/>
                    <TextEquiv>
                        <Unicode>pena</Unicode>
                    </TextEquiv>
                </Word>
                <Word id="r3l12_w2" custom="readingOrder {index:1;}">
                    <Coords points="2712,2520 2712,2580 2844,2580 2844,2520 2712,2520 2712,2520 2712,2520"/>
                    <TextEquiv>
                        <Unicode>quam</Unicode>
                    </TextEquiv>
                </Word>
                <Word id="r3l12_w3" custom="readingOrder {index:2;}">
                    <Coords points="2873,2517 2873,2577 3056,2577 3056,2517 2873,2517 2873,2517 2873,2517"/>
                    <TextEquiv>
                        <Unicode>homo</Unicode>
                    </TextEquiv>
                </Word>
                <Word id="r3l12_w4" custom="readingOrder {index:3;}">
                    <Coords points="3078,2511 3078,2571 3284,2571 3284,2511 3078,2511 3078,2511 3078,2511"/>
                    <TextEquiv>
                        <Unicode>debert</Unicode>
                    </TextEquiv>
                </Word>
                <Word id="r3l12_w5" custom="readingOrder {index:4;}">
                    <Coords points="3321,2506 3321,2566 3460,2566 3460,2506 3321,2506 3321,2506 3321,2506"/>
                    <TextEquiv>
                        <Unicode>perati</Unicode>
                    </TextEquiv>
                </Word>
                <Word id="r3l12_w6" custom="readingOrder {index:5;}">
                    <Coords points="3489,2501 3489,2561 3519,2561 3519,2501 3489,2501 3489,2501 3489,2501"/>
                    <TextEquiv>
                        <Unicode>peo</Unicode>
                    </TextEquiv>
                </Word>
                <Word id="r3l12_w7" custom="readingOrder {index:6;}">
                    <Coords points="3526,2498 3526,2558 3629,2558 3629,2498 3526,2498 3526,2498 3526,2498"/>
                    <TextEquiv>
                        <Unicode>pccato</Unicode>
                    </TextEquiv>
                </Word>
                <Word id="r3l12_w8" custom="readingOrder {index:7;}">
                    <Coords points="3651,2494 3651,2554 3710,2554 3710,2494 3651,2494 3651,2494 3651,2494"/>
                    <TextEquiv>
                        <Unicode>Et</Unicode>
                    </TextEquiv>
                </Word>
                <Word id="r3l12_w9" custom="readingOrder {index:8;}">
                    <Coords points="3731,2491 3731,2551 3827,2551 3827,2491 3731,2491 3731,2491 3731,2491"/>
                    <TextEquiv>
                        <Unicode>hoc</Unicode>
                    </TextEquiv>
                </Word>
                <TextEquiv>
                    <Unicode>pena / quam homo deberet pati pro peccato Et hoc /</Unicode>
                </TextEquiv>
            </TextLine>
            <TextLine id="r3l13" custom="readingOrder {index:12;} del {offset:38; length:4;}">
                <Coords points="2472,2706 2590,2756 2735,2700 3339,2739 3844,2657 3842,2594 3642,2575 3286,2626 2917,2573 2794,2628 2470,2631"/>
                <Baseline points="2482,2682 2549,2684 2617,2684 2684,2684 2752,2686 2820,2686 2887,2684 2955,2684 3022,2682 3090,2680 3158,2678 3225,2676 3293,2674 3360,2672 3428,2668 3495,2666 3563,2662 3631,2658 3698,2656 3766,2652 3834,2648"/>
                <Word id="r3l13_w1" custom="readingOrder {index:0;}">
                    <Coords points="2491,2644 2491,2704 2686,2704 2686,2644 2491,2644 2491,2644 2491,2644"/>
                    <TextEquiv>
                        <Unicode>duplite</Unicode>
                    </TextEquiv>
                </Word>
                <Word id="r3l13_w2" custom="readingOrder {index:1;}">
                    <Coords points="2718,2645 2718,2705 2733,2705 2733,2645 2718,2645 2718,2645 2718,2645"/>
                    <TextEquiv>
                        <Unicode>/</Unicode>
                    </TextEquiv>
                </Word>
                <Word id="r3l13_w3" custom="readingOrder {index:2;}">
                    <Coords points="2757,2646 2757,2706 2827,2706 2827,2646 2757,2646 2757,2646 2757,2646"/>
                    <TextEquiv>
                        <Unicode>ut</Unicode>
                    </TextEquiv>
                </Word>
                <Word id="r3l13_w4" custom="readingOrder {index:3;}">
                    <Coords points="2859,2643 2859,2703 3109,2703 3109,2643 2859,2643 2859,2643 2859,2643"/>
                    <TextEquiv>
                        <Unicode>confessio</Unicode>
                    </TextEquiv>
                </Word>
                <Word id="r3l13_w5" custom="readingOrder {index:4;}">
                    <Coords points="3148,2637 3148,2697 3234,2697 3234,2637 3148,2637 3148,2637 3148,2637"/>
                    <TextEquiv>
                        <Unicode>est</Unicode>
                    </TextEquiv>
                </Word>
                <Word id="r3l13_w6" custom="readingOrder {index:5;}">
                    <Coords points="3274,2633 3274,2693 3336,2693 3336,2633 3274,2633 3274,2633 3274,2633"/>
                    <TextEquiv>
                        <Unicode>in</Unicode>
                    </TextEquiv>
                </Word>
                <Word id="r3l13_w7" custom="readingOrder {index:6;}">
                    <Coords points="3352,2629 3352,2689 3470,2689 3470,2629 3352,2629 3352,2629 3352,2629"/>
                    <TextEquiv>
                        <Unicode>solo</Unicode>
                    </TextEquiv>
                </Word>
                <Word id="r3l13_w8" custom="readingOrder {index:7;}">
                    <Coords points="3509,2616 3509,2676 3821,2676 3821,2616 3509,2616 3509,2616 3509,2616"/>
                    <TextEquiv>
                        <Unicode>verooto</Unicode>
                    </TextEquiv>
                </Word>
                <TextEquiv>
                    <Unicode>dupliciter / ut confessio est in solo vo i voto</Unicode>
                </TextEquiv>
            </TextLine>
            <TextLine id="r3l14" custom="readingOrder {index:13;}">
                <Coords points="2490,2877 2643,2823 2789,2903 2924,2836 3026,2878 3111,2831 3220,2903 3380,2831 3856,2828 3869,2736 3633,2697 3370,2754 3062,2713 2972,2767 2898,2725 2600,2767 2486,2711"/>
                <Baseline points="2498,2814 2566,2816 2634,2818 2702,2820 2770,2820 2838,2820 2906,2820 2974,2818 3042,2816 3110,2815 3179,2812 3247,2810 3315,2808 3383,2804 3451,2801 3519,2798 3587,2795 3655,2792 3723,2788 3791,2786 3890,2781"/>
                <Word id="r3l14_w1" custom="readingOrder {index:0;}">
                    <Coords points="2524,2776 2524,2836 2663,2836 2663,2776 2524,2776 2524,2776 2524,2776"/>
                    <TextEquiv>
                        <Unicode>sive</Unicode>
                    </TextEquiv>
                </Word>
                <Word id="r3l14_w2" custom="readingOrder {index:1;}">
                    <Coords points="2704,2780 2704,2840 2769,2840 2769,2780 2704,2780 2704,2780 2704,2780"/>
                    <TextEquiv>
                        <Unicode>in</Unicode>
                    </TextEquiv>
                </Word>
                <Word id="r3l14_w3" custom="readingOrder {index:2;}">
                    <Coords points="2777,2780 2777,2840 2990,2840 2990,2780 2777,2780 2777,2780 2777,2780"/>
                    <TextEquiv>
                        <Unicode>proposito</Unicode>
                    </TextEquiv>
                </Word>
                <Word id="r3l14_w4" custom="readingOrder {index:3;}">
                    <Coords points="3014,2776 3014,2836 3030,2836 3030,2776 3014,2776 3014,2776 3014,2776"/>
                    <TextEquiv>
                        <Unicode>/</Unicode>
                    </TextEquiv>
                </Word>
                <Word id="r3l14_w5" custom="readingOrder {index:4;}">
                    <Coords points="3039,2775 3039,2835 3145,2835 3145,2775 3039,2775 3039,2775 3039,2775"/>
                    <TextEquiv>
                        <Unicode>sicut</Unicode>
                    </TextEquiv>
                </Word>
                <Word id="r3l14_w6" custom="readingOrder {index:5;}">
                    <Coords points="3161,2770 3161,2830 3268,2830 3268,2770 3161,2770 3161,2770 3161,2770"/>
                    <TextEquiv>
                        <Unicode>quando</Unicode>
                    </TextEquiv>
                </Word>
                <Word id="r3l14_w7" custom="readingOrder {index:6;}">
                    <Coords points="3300,2763 3300,2823 3496,2823 3496,2763 3300,2763 3300,2763 3300,2763"/>
                    <TextEquiv>
                        <Unicode>homo</Unicode>
                    </TextEquiv>
                </Word>
                <Word id="r3l14_w8" custom="readingOrder {index:7;}">
                    <Coords points="3520,2754 3520,2814 3676,2814 3676,2754 3520,2754 3520,2754 3520,2754"/>
                    <TextEquiv>
                        <Unicode>habet</Unicode>
                    </TextEquiv>
                </Word>
                <Word id="r3l14_w9" custom="readingOrder {index:8;}">
                    <Coords points="3716,2746 3716,2806 3863,2806 3863,2746 3716,2746 3716,2746 3716,2746"/>
                    <TextEquiv>
                        <Unicode>veram</Unicode>
                    </TextEquiv>
                </Word>
                <TextEquiv>
                    <Unicode>sive in proposito / sicut quando homo habet veram</Unicode>
                </TextEquiv>
            </TextLine>
            <TextLine id="r3l15" custom="readingOrder {index:14;}">
                <Coords points="2477,2994 2741,2960 3090,3009 3330,2954 3661,2994 3723,2939 3867,2977 4020,2936 4017,2818 3498,2884 2474,2879"/>
                <Baseline points="2486,2944 2562,2945 2638,2946 2714,2946 2790,2946 2867,2946 2943,2944 3019,2942 3095,2942 3171,2940 3248,2936 3324,2934 3400,2931 3476,2928 3552,2925 3629,2921 3705,2918 3781,2914 3857,2912 3933,2908 4010,2906"/>
                <Word id="r3l15_w1" custom="readingOrder {index:0;}">
                    <Coords points="2503,2906 2503,2966 2809,2966 2809,2906 2503,2906 2503,2906 2503,2906"/>
                    <TextEquiv>
                        <Unicode>concricionim</Unicode>
                    </TextEquiv>
                </Word>
                <Word id="r3l15_w2" custom="readingOrder {index:1;}">
                    <Coords points="2873,2905 2873,2965 2935,2965 2935,2905 2873,2905 2873,2905 2873,2905"/>
                    <TextEquiv>
                        <Unicode>et</Unicode>
                    </TextEquiv>
                </Word>
                <Word id="r3l15_w3" custom="readingOrder {index:2;}">
                    <Coords points="2959,2902 2959,2962 3226,2962 3226,2902 2959,2902 2959,2902 2959,2902"/>
                    <TextEquiv>
                        <Unicode>propositum</Unicode>
                    </TextEquiv>
                </Word>
                <Word id="r3l15_w4" custom="readingOrder {index:3;}">
                    <Coords points="3258,2889 3258,2949 3619,2949 3619,2889 3258,2889 3258,2889 3258,2889"/>
                    <TextEquiv>
                        <Unicode>confitendi</Unicode>
                    </TextEquiv>
                </Word>
                <Word id="r3l15_w5" custom="readingOrder {index:4;}">
                    <Coords points="3660,2875 3660,2935 3832,2935 3832,2875 3660,2875 3660,2875 3660,2875"/>
                    <TextEquiv>
                        <Unicode>peccatum</Unicode>
                    </TextEquiv>
                </Word>
                <Word id="r3l15_w6" custom="readingOrder {index:5;}">
                    <Coords points="3856,2868 3856,2928 3989,2928 3989,2868 3856,2868 3856,2868 3856,2868"/>
                    <TextEquiv>
                        <Unicode>suum</Unicode>
                    </TextEquiv>
                </Word>
                <Word id="r3l15_w7" custom="readingOrder {index:6;}">
                    <Coords points="4021,2866 4021,2926 4030,2926 4030,2866 4021,2866 4021,2866 4021,2866"/>
                    <TextEquiv>
                        <Unicode>/</Unicode>
                    </TextEquiv>
                </Word>
                <TextEquiv>
                    <Unicode>contricionem et propositum confitendi peccatum suum /</Unicode>
                </TextEquiv>
            </TextLine>
            <TextLine id="r3l16" custom="readingOrder {index:15;}">
                <Coords points="2475,3095 3038,3131 3155,3068 3481,3056 3633,3107 3887,3055 3886,2992 3785,2963 2474,3007"/>
                <Baseline points="2484,3068 2553,3066 2623,3066 2693,3064 2762,3064 2832,3062 2902,3062 2971,3060 3041,3060 3111,3058 3181,3058 3250,3056 3320,3055 3390,3054 3459,3052 3529,3050 3599,3050 3668,3048 3738,3046 3808,3044 3878,3042"/>
                <Word id="r3l16_w1" custom="readingOrder {index:0;}">
                    <Coords points="2536,3026 2536,3086 2602,3086 2602,3026 2536,3026 2536,3026 2536,3026"/>
                    <TextEquiv>
                        <Unicode>et</Unicode>
                    </TextEquiv>
                </Word>
                <Word id="r3l16_w2" custom="readingOrder {index:1;}">
                    <Coords points="2622,3024 2622,3084 2708,3084 2708,3024 2622,3024 2622,3024 2622,3024"/>
                    <TextEquiv>
                        <Unicode>sic</Unicode>
                    </TextEquiv>
                </Word>
                <Word id="r3l16_w3" custom="readingOrder {index:2;}">
                    <Coords points="2741,3022 2741,3082 3018,3082 3018,3022 2741,3022 2741,3022 2741,3022"/>
                    <TextEquiv>
                        <Unicode>commutat</Unicode>
                    </TextEquiv>
                </Word>
                <Word id="r3l16_w4" custom="readingOrder {index:3;}">
                    <Coords points="3057,3018 3057,3078 3249,3078 3249,3018 3057,3018 3057,3018 3057,3018"/>
                    <TextEquiv>
                        <Unicode>peniam</Unicode>
                    </TextEquiv>
                </Word>
                <Word id="r3l16_w5" custom="readingOrder {index:4;}">
                    <Coords points="3288,3014 3288,3074 3473,3074 3473,3014 3288,3014 3288,3014 3288,3014"/>
                    <TextEquiv>
                        <Unicode>etimiam</Unicode>
                    </TextEquiv>
                </Word>
                <Word id="r3l16_w6" custom="readingOrder {index:5;}">
                    <Coords points="3513,3007 3513,3067 3869,3067 3869,3007 3513,3007 3513,3007 3513,3007"/>
                    <TextEquiv>
                        <Unicode>inpenamr</Unicode>
                    </TextEquiv>
                </Word>
                <TextEquiv>
                    <Unicode>et sic commutat penam eternam in penam</Unicode>
                </TextEquiv>
            </TextLine>
            <TextLine id="r3l17" custom="readingOrder {index:16;}">
                <Coords points="2488,3213 2545,3249 2796,3200 2850,3243 3321,3189 3519,3246 3870,3200 3901,3080 3703,3131 3484,3079 3375,3129 3095,3087 3036,3137 2487,3112"/>
                <Baseline points="2498,3186 2567,3188 2637,3188 2707,3188 2776,3188 2846,3188 2916,3186 2985,3186 3055,3184 3125,3184 3195,3182 3264,3181 3334,3180 3404,3180 3473,3179 3543,3178 3613,3180 3682,3180 3752,3182 3822,3183 3892,3186"/>
                <Word id="r3l17_w1" custom="readingOrder {index:0;}">
                    <Coords points="2497,3148 2497,3208 2763,3208 2763,3148 2497,3148 2497,3148 2497,3148"/>
                    <TextEquiv>
                        <Unicode>temperalem</Unicode>
                    </TextEquiv>
                </Word>
                <Word id="r3l17_w2" custom="readingOrder {index:1;}">
                    <Coords points="2784,3148 2784,3208 2805,3208 2805,3148 2784,3148 2784,3148 2784,3148"/>
                    <TextEquiv>
                        <Unicode>/</Unicode>
                    </TextEquiv>
                </Word>
                <Word id="r3l17_w3" custom="readingOrder {index:2;}">
                    <Coords points="2826,3146 2826,3206 3050,3206 3050,3146 2826,3146 2826,3146 2826,3146"/>
                    <TextEquiv>
                        <Unicode>quam</Unicode>
                    </TextEquiv>
                </Word>
                <Word id="r3l17_w4" custom="readingOrder {index:3;}">
                    <Coords points="3092,3142 3092,3202 3281,3202 3281,3142 3092,3142 3092,3142 3092,3142"/>
                    <TextEquiv>
                        <Unicode>homo</Unicode>
                    </TextEquiv>
                </Word>
                <Word id="r3l17_w5" custom="readingOrder {index:4;}">
                    <Coords points="3323,3139 3323,3199 3505,3199 3505,3139 3323,3139 3323,3139 3323,3139"/>
                    <TextEquiv>
                        <Unicode>tenetur</Unicode>
                    </TextEquiv>
                </Word>
                <Word id="r3l17_w6" custom="readingOrder {index:5;}">
                    <Coords points="3526,3140 3526,3200 3708,3200 3708,3140 3526,3140 3526,3140 3526,3140"/>
                    <TextEquiv>
                        <Unicode>Ioluere</Unicode>
                    </TextEquiv>
                </Word>
                <Word id="r3l17_w7" custom="readingOrder {index:6;}">
                    <Coords points="3750,3142 3750,3202 3869,3202 3869,3142 3750,3142 3750,3142 3750,3142"/>
                    <TextEquiv>
                        <Unicode>vel</Unicode>
                    </TextEquiv>
                </Word>
                <TextEquiv>
                    <Unicode>temporalem / quam homo tenetur solvere vel</Unicode>
                </TextEquiv>
            </TextLine>
            <TextLine id="r3l18" custom="readingOrder {index:17;}">
                <Coords points="2485,3346 3097,3355 3245,3307 3527,3374 3945,3327 3944,3245 3876,3222 2999,3253 2797,3200 2566,3266 2484,3215"/>
                <Baseline points="2494,3312 2566,3310 2638,3310 2710,3308 2782,3307 2854,3306 2926,3305 2998,3304 3070,3304 3142,3302 3215,3302 3287,3302 3359,3302 3431,3302 3503,3302 3575,3302 3647,3302 3719,3304 3791,3304 3863,3306 3936,3308"/>
                <Word id="r3l18_w1" custom="readingOrder {index:0;}">
                    <Coords points="2510,3270 2510,3330 2627,3330 2627,3270 2510,3270 2510,3270 2510,3270"/>
                    <TextEquiv>
                        <Unicode>hic</Unicode>
                    </TextEquiv>
                </Word>
                <Word id="r3l18_w2" custom="readingOrder {index:1;}">
                    <Coords points="2678,3267 2678,3327 2803,3327 2803,3267 2678,3267 2678,3267 2678,3267"/>
                    <TextEquiv>
                        <Unicode>vel</Unicode>
                    </TextEquiv>
                </Word>
                <Word id="r3l18_w3" custom="readingOrder {index:2;}">
                    <Coords points="2854,3263 2854,3323 3352,3323 3352,3263 2854,3263 2854,3263 2854,3263"/>
                    <TextEquiv>
                        <Unicode>inpirgatorio</Unicode>
                    </TextEquiv>
                </Word>
                <Word id="r3l18_w4" custom="readingOrder {index:3;}">
                    <Coords points="3383,3262 3383,3322 3404,3322 3404,3262 3383,3262 3383,3262 3383,3262"/>
                    <TextEquiv>
                        <Unicode>/</Unicode>
                    </TextEquiv>
                </Word>
                <Word id="r3l18_w5" custom="readingOrder {index:4;}">
                    <Coords points="3426,3262 3426,3322 3477,3322 3477,3262 3426,3262 3426,3262 3426,3262"/>
                    <TextEquiv>
                        <Unicode>Et</Unicode>
                    </TextEquiv>
                </Word>
                <Word id="r3l18_w6" custom="readingOrder {index:5;}">
                    <Coords points="3506,3262 3506,3322 3587,3322 3587,3262 3506,3262 3506,3262 3506,3262"/>
                    <TextEquiv>
                        <Unicode>quia</Unicode>
                    </TextEquiv>
                </Word>
                <Word id="r3l18_w7" custom="readingOrder {index:6;}">
                    <Coords points="3602,3262 3602,3322 3712,3322 3712,3262 3602,3262 3602,3262 3602,3262"/>
                    <TextEquiv>
                        <Unicode>ista</Unicode>
                    </TextEquiv>
                </Word>
                <Word id="r3l18_w8" custom="readingOrder {index:7;}">
                    <Coords points="3749,3265 3749,3325 3917,3325 3917,3265 3749,3265 3749,3265 3749,3265"/>
                    <TextEquiv>
                        <Unicode>pena</Unicode>
                    </TextEquiv>
                </Word>
                <TextEquiv>
                    <Unicode>hic vel in purgatorio / Et quia ista pena</Unicode>
                </TextEquiv>
            </TextLine>
            <TextLine id="r3l19" custom="readingOrder {index:18;} unclear {offset:20; length:11;} textStyle {offset:49; length:2;superscript:true;} unclear {offset:52; length:3; continued:true;}">
                <Coords points="2482,3467 3261,3422 3374,3472 3497,3416 3605,3484 3879,3457 3839,3343 2940,3381 2480,3345"/>
                <Baseline points="2490,3434 2558,3434 2627,3434 2696,3432 2765,3430 2834,3430 2903,3428 2972,3426 3041,3424 3110,3422 3179,3422 3247,3420 3316,3418 3385,3418 3454,3416 3523,3416 3592,3416 3661,3418 3730,3418 3799,3420 3868,3422"/>
                <Word id="r3l19_w1" custom="readingOrder {index:0;}">
                    <Coords points="2511,3394 2511,3454 2738,3454 2738,3394 2511,3394 2511,3394 2511,3394"/>
                    <TextEquiv>
                        <Unicode>temperalis</Unicode>
                    </TextEquiv>
                </Word>
                <Word id="r3l19_w2" custom="readingOrder {index:1;}">
                    <Coords points="2779,3390 2779,3450 2854,3450 2854,3390 2779,3390 2779,3390 2779,3390"/>
                    <TextEquiv>
                        <Unicode>ut</Unicode>
                    </TextEquiv>
                </Word>
                <Word id="r3l19_w3" custom="readingOrder {index:2;}">
                    <Coords points="2896,3385 2896,3445 3055,3445 3055,3385 2896,3385 2896,3385 2896,3385"/>
                    <TextEquiv>
                        <Unicode>dicit</Unicode>
                    </TextEquiv>
                </Word>
                <Word id="r3l19_w4" custom="readingOrder {index:3;}">
                    <Coords points="3117,3382 3117,3442 3199,3442 3199,3382 3117,3382 3117,3382 3117,3382"/>
                    <TextEquiv>
                        <Unicode>So</Unicode>
                    </TextEquiv>
                </Word>
                <Word id="r3l19_w5" custom="readingOrder {index:4;}">
                    <Coords points="3233,3378 3233,3438 3503,3438 3503,3378 3233,3378 3233,3378 3233,3378"/>
                    <TextEquiv>
                        <Unicode>adne</Unicode>
                    </TextEquiv>
                </Word>
                <Word id="r3l19_w6" custom="readingOrder {index:5;}">
                    <Coords points="3537,3376 3537,3436 3551,3436 3551,3376 3537,3376 3537,3376 3537,3376"/>
                    <TextEquiv>
                        <Unicode>i</Unicode>
                    </TextEquiv>
                </Word>
                <Word id="r3l19_w7" custom="readingOrder {index:6;}">
                    <Coords points="3654,3378 3654,3438 3723,3438 3723,3378 3654,3378 3654,3378 3654,3378"/>
                    <TextEquiv>
                        <Unicode>4t</Unicode>
                    </TextEquiv>
                </Word>
                <Word id="r3l19_w8" custom="readingOrder {index:7;}">
                    <Coords points="3799,3381 3799,3441 3874,3441 3874,3381 3799,3381 3799,3381 3799,3381"/>
                    <TextEquiv>
                        <Unicode>in</Unicode>
                    </TextEquiv>
                </Word>
                <TextEquiv>
                    <Unicode>temporalis ut dicit Bonaventura distinccione 17 4ti in¬</Unicode>
                </TextEquiv>
            </TextLine>
            <TextLine id="r3l20" custom="readingOrder {index:19;} unclear {offset:0; length:4; continued:true;}">
                <Coords points="2499,3621 3624,3539 3902,3588 3898,3474 3812,3447 3382,3491 3196,3448 3106,3499 2967,3445 2734,3506 2631,3453 2496,3507"/>
                <Baseline points="2508,3578 2577,3572 2646,3566 2715,3561 2784,3557 2853,3553 2922,3550 2991,3548 3060,3546 3129,3544 3199,3542 3268,3540 3337,3540 3406,3538 3475,3538 3544,3536 3613,3536 3682,3534 3751,3534 3820,3532 3890,3530"/>
                <Word id="r3l20_w1" custom="readingOrder {index:0;}">
                    <Coords points="2522,3529 2522,3589 2691,3589 2691,3529 2522,3529 2522,3529 2522,3529"/>
                    <TextEquiv>
                        <Unicode>quam</Unicode>
                    </TextEquiv>
                </Word>
                <Word id="r3l20_w2" custom="readingOrder {index:1;}">
                    <Coords points="2720,3517 2720,3577 2845,3577 2845,3517 2720,3517 2720,3517 2720,3517"/>
                    <TextEquiv>
                        <Unicode>ista</Unicode>
                    </TextEquiv>
                </Word>
                <Word id="r3l20_w3" custom="readingOrder {index:2;}">
                    <Coords points="2897,3509 2897,3569 2955,3569 2955,3509 2897,3509 2897,3509 2897,3509"/>
                    <TextEquiv>
                        <Unicode>et</Unicode>
                    </TextEquiv>
                </Word>
                <Word id="r3l20_w4" custom="readingOrder {index:3;}">
                    <Coords points="2977,3507 2977,3567 3066,3567 3066,3507 2977,3507 2977,3507 2977,3507"/>
                    <TextEquiv>
                        <Unicode>na</Unicode>
                    </TextEquiv>
                </Word>
                <Word id="r3l20_w5" custom="readingOrder {index:4;}">
                    <Coords points="3117,3502 3117,3562 3213,3562 3213,3502 3117,3502 3117,3502 3117,3502"/>
                    <TextEquiv>
                        <Unicode>est</Unicode>
                    </TextEquiv>
                </Word>
                <Word id="r3l20_w6" custom="readingOrder {index:5;}">
                    <Coords points="3265,3498 3265,3558 3602,3558 3602,3498 3265,3498 3265,3498 3265,3498"/>
                    <TextEquiv>
                        <Unicode>commutata</Unicode>
                    </TextEquiv>
                </Word>
                <Word id="r3l20_w7" custom="readingOrder {index:6;}">
                    <Coords points="3646,3494 3646,3554 3669,3554 3669,3494 3646,3494 3646,3494 3646,3494"/>
                    <TextEquiv>
                        <Unicode>/</Unicode>
                    </TextEquiv>
                </Word>
                <Word id="r3l20_w8" custom="readingOrder {index:7;}">
                    <Coords points="3698,3494 3698,3554 3787,3554 3787,3494 3698,3494 3698,3494 3698,3494"/>
                    <TextEquiv>
                        <Unicode>est</Unicode>
                    </TextEquiv>
                </Word>
                <Word id="r3l20_w9" custom="readingOrder {index:8;}">
                    <Coords points="3823,3490 3823,3550 3903,3550 3903,3490 3823,3490 3823,3490 3823,3490"/>
                    <TextEquiv>
                        <Unicode>in¬</Unicode>
                    </TextEquiv>
                </Word>
                <TextEquiv>
                    <Unicode>quam ista eterna commutata / est in¬</Unicode>
                </TextEquiv>
            </TextLine>
            <TextLine id="r3l21" custom="readingOrder {index:20;}">
                <Coords points="2508,3768 3093,3683 3289,3732 3609,3665 3770,3739 3929,3697 3925,3592 3641,3564 3393,3615 3125,3573 3008,3622 2503,3621"/>
                <Baseline points="2516,3704 2586,3700 2656,3696 2726,3692 2796,3688 2866,3684 2936,3682 3006,3678 3076,3674 3146,3670 3217,3668 3287,3664 3357,3662 3427,3660 3497,3658 3567,3656 3637,3656 3707,3656 3777,3656 3847,3656 3918,3658"/>
                <Word id="r3l21_w1" custom="readingOrder {index:0;}">
                    <Coords points="2558,3650 2558,3710 2938,3710 2938,3650 2558,3650 2558,3650 2558,3650"/>
                    <TextEquiv>
                        <Unicode>prporcionata</Unicode>
                    </TextEquiv>
                </Word>
                <Word id="r3l21_w2" custom="readingOrder {index:1;}">
                    <Coords points="2981,3631 2981,3691 3259,3691 3259,3631 2981,3631 2981,3631 2981,3631"/>
                    <TextEquiv>
                        <Unicode>viribus</Unicode>
                    </TextEquiv>
                </Word>
                <Word id="r3l21_w3" custom="readingOrder {index:2;}">
                    <Coords points="3281,3620 3281,3680 3544,3680 3544,3620 3281,3620 3281,3620 3281,3620"/>
                    <TextEquiv>
                        <Unicode>penitentis</Unicode>
                    </TextEquiv>
                </Word>
                <Word id="r3l21_w4" custom="readingOrder {index:3;}">
                    <Coords points="3580,3616 3580,3676 3711,3676 3711,3616 3580,3616 3580,3616 3580,3616"/>
                    <TextEquiv>
                        <Unicode>Sed</Unicode>
                    </TextEquiv>
                </Word>
                <Word id="r3l21_w5" custom="readingOrder {index:4;}">
                    <Coords points="3748,3616 3748,3676 3858,3676 3858,3616 3748,3616 3748,3616 3748,3616"/>
                    <TextEquiv>
                        <Unicode>per¬</Unicode>
                    </TextEquiv>
                </Word>
                <TextEquiv>
                    <Unicode>proporcionata viribus penitentis Sed per</Unicode>
                </TextEquiv>
            </TextLine>
            <TextLine id="r3l22" custom="readingOrder {index:21;}">
                <Coords points="2505,3873 3116,3824 3236,3877 3432,3802 3632,3856 3728,3805 3946,3828 3942,3720 3769,3739 3708,3686 3041,3764 2922,3718 2502,3759"/>
                <Baseline points="2514,3830 2585,3828 2656,3824 2727,3822 2798,3818 2869,3815 2940,3812 3011,3809 3082,3807 3153,3804 3224,3800 3295,3798 3366,3796 3437,3793 3508,3791 3579,3790 3650,3788 3721,3788 3792,3786 3863,3786 3934,3786"/>
                <Word id="r3l22_w1" custom="readingOrder {index:0;}">
                    <Coords points="2522,3787 2522,3847 2666,3847 2666,3787 2522,3787 2522,3787 2522,3787"/>
                    <TextEquiv>
                        <Unicode>vim</Unicode>
                    </TextEquiv>
                </Word>
                <Word id="r3l22_w2" custom="readingOrder {index:1;}">
                    <Coords points="2705,3776 2705,3836 2956,3836 2956,3776 2705,3776 2705,3776 2705,3776"/>
                    <TextEquiv>
                        <Unicode>clavium</Unicode>
                    </TextEquiv>
                </Word>
                <Word id="r3l22_w3" custom="readingOrder {index:2;}">
                    <Coords points="2994,3768 2994,3828 3070,3828 3070,3768 2994,3768 2994,3768 2994,3768"/>
                    <TextEquiv>
                        <Unicode>in</Unicode>
                    </TextEquiv>
                </Word>
                <Word id="r3l22_w4" custom="readingOrder {index:3;}">
                    <Coords points="3093,3759 3093,3819 3406,3819 3406,3759 3093,3759 3093,3759 3093,3759"/>
                    <TextEquiv>
                        <Unicode>confessione</Unicode>
                    </TextEquiv>
                </Word>
                <Word id="r3l22_w5" custom="readingOrder {index:4;}">
                    <Coords points="3452,3751 3452,3811 3512,3811 3512,3751 3452,3751 3452,3751 3452,3751"/>
                    <TextEquiv>
                        <Unicode>et</Unicode>
                    </TextEquiv>
                </Word>
                <Word id="r3l22_w6" custom="readingOrder {index:5;}">
                    <Coords points="3544,3747 3544,3807 3932,3807 3932,3747 3544,3747 3544,3747 3544,3747"/>
                    <TextEquiv>
                        <Unicode>alsolucione</Unicode>
                    </TextEquiv>
                </Word>
                <TextEquiv>
                    <Unicode>vim clavium in confessione et ablsolucione</Unicode>
                </TextEquiv>
            </TextLine>
            <TextLine id="r3l23" custom="readingOrder {index:22;}">
                <Coords points="2509,3969 2749,3964 2829,4017 2953,3949 3393,3923 3517,3989 3681,3933 3885,3990 3973,3953 3971,3856 2507,3873"/>
                <Baseline points="2518,3948 2590,3948 2662,3946 2734,3946 2806,3944 2879,3942 2951,3940 3023,3939 3095,3938 3167,3936 3240,3934 3312,3932 3384,3930 3456,3928 3528,3926 3601,3924 3673,3920 3745,3918 3817,3915 3889,3911 3962,3908"/>
                <Word id="r3l23_w1" custom="readingOrder {index:0;}">
                    <Coords points="2580,3906 2580,3966 2754,3966 2754,3906 2580,3906 2580,3906 2580,3906"/>
                    <TextEquiv>
                        <Unicode>intum</Unicode>
                    </TextEquiv>
                </Word>
                <Word id="r3l23_w2" custom="readingOrder {index:1;}">
                    <Coords points="2774,3904 2774,3964 2832,3964 2832,3904 2774,3904 2774,3904 2774,3904"/>
                    <TextEquiv>
                        <Unicode>il</Unicode>
                    </TextEquiv>
                </Word>
                <Word id="r3l23_w3" custom="readingOrder {index:2;}">
                    <Coords points="2864,3900 2864,3960 3032,3960 3032,3900 2864,3900 2864,3900 2864,3900"/>
                    <TextEquiv>
                        <Unicode>pena</Unicode>
                    </TextEquiv>
                </Word>
                <Word id="r3l23_w4" custom="readingOrder {index:3;}">
                    <Coords points="3078,3894 3078,3954 3375,3954 3375,3894 3078,3894 3078,3894 3078,3894"/>
                    <TextEquiv>
                        <Unicode>nimitur</Unicode>
                    </TextEquiv>
                </Word>
                <Word id="r3l23_w5" custom="readingOrder {index:4;}">
                    <Coords points="3400,3888 3400,3948 3465,3948 3465,3888 3400,3888 3400,3888 3400,3888"/>
                    <TextEquiv>
                        <Unicode>quod</Unicode>
                    </TextEquiv>
                </Word>
                <Word id="r3l23_w6" custom="readingOrder {index:5;}">
                    <Coords points="3485,3885 3485,3945 3582,3945 3582,3885 3485,3885 3485,3885 3485,3885"/>
                    <TextEquiv>
                        <Unicode>ipsa</Unicode>
                    </TextEquiv>
                </Word>
                <Word id="r3l23_w7" custom="readingOrder {index:6;}">
                    <Coords points="3620,3879 3620,3939 3737,3939 3737,3879 3620,3879 3620,3879 3620,3879"/>
                    <TextEquiv>
                        <Unicode>erit</Unicode>
                    </TextEquiv>
                </Word>
                <Word id="r3l23_w8" custom="readingOrder {index:7;}">
                    <Coords points="3769,3874 3769,3934 3898,3934 3898,3874 3769,3874 3769,3874 3769,3874"/>
                    <TextEquiv>
                        <Unicode>proper¬</Unicode>
                    </TextEquiv>
                </Word>
                <TextEquiv>
                    <Unicode>interim illa pena minuitur quod ipsa erit propor¬</Unicode>
                </TextEquiv>
            </TextLine>
            <TextLine id="r3l24" custom="readingOrder {index:23;}">
                <Coords points="2499,4103 3944,4096 3966,3953 3752,4004 3122,3950 2772,4032 2497,3971"/>
                <Baseline points="2508,4074 2580,4070 2653,4068 2725,4066 2798,4064 2870,4061 2943,4060 3015,4057 3088,4056 3160,4054 3233,4053 3305,4052 3378,4052 3450,4050 3523,4050 3595,4050 3668,4050 3740,4050 3813,4050 3885,4052 3958,4052"/>
                <Word id="r3l24_w1" custom="readingOrder {index:0;}">
                    <Coords points="2520,4028 2520,4088 2744,4088 2744,4028 2520,4028 2520,4028 2520,4028"/>
                    <TextEquiv>
                        <Unicode>conata</Unicode>
                    </TextEquiv>
                </Word>
                <Word id="r3l24_w2" custom="readingOrder {index:1;}">
                    <Coords points="2805,4022 2805,4082 2866,4082 2866,4022 2805,4022 2805,4022 2805,4022"/>
                    <TextEquiv>
                        <Unicode>et</Unicode>
                    </TextEquiv>
                </Word>
                <Word id="r3l24_w3" custom="readingOrder {index:2;}">
                    <Coords points="2906,4016 2906,4076 3259,4076 3259,4016 2906,4016 2906,4016 2906,4016"/>
                    <TextEquiv>
                        <Unicode>tollerabilis</Unicode>
                    </TextEquiv>
                </Word>
                <Word id="r3l24_w4" custom="readingOrder {index:3;}">
                    <Coords points="3293,4010 3293,4070 3590,4070 3590,4010 3293,4010 3293,4010 3293,4010"/>
                    <TextEquiv>
                        <Unicode>viribus</Unicode>
                    </TextEquiv>
                </Word>
                <Word id="r3l24_w5" custom="readingOrder {index:4;}">
                    <Coords points="3618,4010 3618,4070 3963,4070 3963,4010 3618,4010 3618,4010 3618,4010"/>
                    <TextEquiv>
                        <Unicode>penitentis</Unicode>
                    </TextEquiv>
                </Word>
                <TextEquiv>
                    <Unicode>cionata et tollerabilis viribus penitentis</Unicode>
                </TextEquiv>
            </TextLine>
            <TextLine id="r3l25" custom="readingOrder {index:24;} del {offset:9; length:1;}">
                <Coords points="2508,4225 2631,4208 2701,4264 3154,4204 3223,4262 3472,4190 3956,4207 3978,4110 2788,4078 2506,4141"/>
                <Baseline points="2516,4198 2588,4198 2661,4196 2734,4194 2806,4193 2879,4192 2952,4190 3024,4188 3097,4188 3170,4186 3243,4184 3315,4184 3388,4182 3461,4182 3533,4180 3606,4180 3679,4180 3751,4180 3824,4178 3897,4178 3970,4178"/>
                <Word id="r3l25_w1" custom="readingOrder {index:0;}">
                    <Coords points="2520,4158 2520,4218 2611,4218 2611,4158 2520,4158 2520,4158 2520,4158"/>
                    <TextEquiv>
                        <Unicode>ita</Unicode>
                    </TextEquiv>
                </Word>
                <Word id="r3l25_w2" custom="readingOrder {index:1;}">
                    <Coords points="2661,4154 2661,4214 2735,4214 2735,4154 2661,4154 2661,4154 2661,4154"/>
                    <TextEquiv>
                        <Unicode>quod</Unicode>
                    </TextEquiv>
                </Word>
                <Word id="r3l25_w3" custom="readingOrder {index:2;}">
                    <Coords points="2752,4149 2752,4209 3176,4209 3176,4149 2752,4149 2752,4149 2752,4149"/>
                    <TextEquiv>
                        <Unicode>fitisfaciendo</Unicode>
                    </TextEquiv>
                </Word>
                <Word id="r3l25_w4" custom="readingOrder {index:3;}">
                    <Coords points="3217,4144 3217,4204 3399,4204 3399,4144 3217,4144 3217,4144 3217,4144"/>
                    <TextEquiv>
                        <Unicode>posset</Unicode>
                    </TextEquiv>
                </Word>
                <Word id="r3l25_w5" custom="readingOrder {index:4;}">
                    <Coords points="3415,4142 3415,4202 3474,4202 3474,4142 3415,4142 3415,4142 3415,4142"/>
                    <TextEquiv>
                        <Unicode>se</Unicode>
                    </TextEquiv>
                </Word>
                <Word id="r3l25_w6" custom="readingOrder {index:5;}">
                    <Coords points="3523,4140 3523,4200 3590,4200 3590,4140 3523,4140 3523,4140 3523,4140"/>
                    <TextEquiv>
                        <Unicode>ab</Unicode>
                    </TextEquiv>
                </Word>
                <Word id="r3l25_w7" custom="readingOrder {index:6;}">
                    <Coords points="3623,4140 3623,4200 3697,4200 3697,4140 3623,4140 3623,4140 3623,4140"/>
                    <TextEquiv>
                        <Unicode>ea</Unicode>
                    </TextEquiv>
                </Word>
                <Word id="r3l25_w8" custom="readingOrder {index:7;}">
                    <Coords points="3748,4138 3748,4198 3830,4198 3830,4138 3748,4138 3748,4138 3748,4138"/>
                    <TextEquiv>
                        <Unicode>in</Unicode>
                    </TextEquiv>
                </Word>
                <Word id="r3l25_w9" custom="readingOrder {index:8;}">
                    <Coords points="3847,4138 3847,4198 3971,4198 3971,4138 3847,4138 3847,4138 3847,4138"/>
                    <TextEquiv>
                        <Unicode>hac</Unicode>
                    </TextEquiv>
                </Word>
                <TextEquiv>
                    <Unicode>ita quod fsatisfaciendo posset se ab ea in hac</Unicode>
                </TextEquiv>
            </TextLine>
            <TextLine id="r3l26" custom="readingOrder {index:25;}">
                <Coords points="2510,4360 3457,4315 3738,4383 3915,4330 3913,4225 3836,4211 3542,4257 3170,4260 3028,4200 2909,4259 2508,4250"/>
                <Baseline points="2520,4334 2589,4330 2658,4326 2727,4324 2796,4322 2866,4320 2935,4318 3004,4316 3073,4314 3142,4314 3212,4312 3281,4312 3350,4310 3419,4310 3488,4310 3558,4308 3627,4308 3696,4306 3765,4306 3834,4304 3904,4302"/>
                <Word id="r3l26_w1" custom="readingOrder {index:0;}">
                    <Coords points="2526,4289 2526,4349 2674,4349 2674,4289 2526,4289 2526,4289 2526,4289"/>
                    <TextEquiv>
                        <Unicode>vita</Unicode>
                    </TextEquiv>
                </Word>
                <Word id="r3l26_w2" custom="readingOrder {index:1;}">
                    <Coords points="2724,4281 2724,4341 2930,4341 2930,4281 2724,4281 2724,4281 2724,4281"/>
                    <TextEquiv>
                        <Unicode>totar</Unicode>
                    </TextEquiv>
                </Word>
                <Word id="r3l26_w3" custom="readingOrder {index:2;}">
                    <Coords points="2966,4274 2966,4334 3257,4334 3257,4274 2966,4274 2966,4274 2966,4274"/>
                    <TextEquiv>
                        <Unicode>liberure</Unicode>
                    </TextEquiv>
                </Word>
                <Word id="r3l26_w4" custom="readingOrder {index:3;}">
                    <Coords points="3314,4270 3314,4330 3512,4330 3512,4270 3314,4270 3314,4270 3314,4270"/>
                    <TextEquiv>
                        <Unicode>Scda</Unicode>
                    </TextEquiv>
                </Word>
                <Word id="r3l26_w5" custom="readingOrder {index:4;}">
                    <Coords points="3562,4266 3562,4326 3895,4326 3895,4266 3562,4266 3562,4266 3562,4266"/>
                    <TextEquiv>
                        <Unicode>confessio</Unicode>
                    </TextEquiv>
                </Word>
                <TextEquiv>
                    <Unicode>vita totaliter liberare Secunda confessio</Unicode>
                </TextEquiv>
            </TextLine>
            <TextLine id="r3l27" custom="readingOrder {index:26;}">
                <Coords points="2527,4481 2740,4462 2841,4517 3127,4448 3383,4514 3634,4440 3705,4504 3949,4453 3975,4369 3771,4393 3483,4324 3336,4396 3106,4351 2526,4397"/>
                <Baseline points="2536,4450 2607,4448 2679,4447 2750,4446 2822,4444 2893,4444 2965,4444 3036,4442 3108,4442 3179,4442 3251,4442 3322,4442 3394,4442 3465,4442 3537,4442 3608,4442 3680,4441 3751,4440 3823,4440 3894,4439 3966,4438"/>
                <Word id="r3l27_w1" custom="readingOrder {index:0;}">
                    <Coords points="2565,4406 2565,4466 2819,4466 2819,4406 2565,4406 2565,4406 2565,4406"/>
                    <TextEquiv>
                        <Unicode>iuit</Unicode>
                    </TextEquiv>
                </Word>
                <Word id="r3l27_w2" custom="readingOrder {index:1;}">
                    <Coords points="2861,4403 2861,4463 3073,4463 3073,4403 2861,4403 2861,4403 2861,4403"/>
                    <TextEquiv>
                        <Unicode>penam</Unicode>
                    </TextEquiv>
                </Word>
                <Word id="r3l27_w3" custom="readingOrder {index:2;}">
                    <Coords points="3101,4402 3101,4462 3334,4462 3334,4402 3101,4402 3101,4402 3101,4402"/>
                    <TextEquiv>
                        <Unicode>dictam</Unicode>
                    </TextEquiv>
                </Word>
                <Word id="r3l27_w4" custom="readingOrder {index:3;}">
                    <Coords points="3348,4402 3348,4462 3363,4462 3363,4402 3348,4402 3348,4402 3348,4402"/>
                    <TextEquiv>
                        <Unicode>/</Unicode>
                    </TextEquiv>
                </Word>
                <Word id="r3l27_w5" custom="readingOrder {index:4;}">
                    <Coords points="3377,4402 3377,4462 3490,4462 3490,4402 3377,4402 3377,4402 3377,4402"/>
                    <TextEquiv>
                        <Unicode>propter</Unicode>
                    </TextEquiv>
                </Word>
                <Word id="r3l27_w6" custom="readingOrder {index:5;}">
                    <Coords points="3518,4402 3518,4462 3624,4462 3624,4402 3518,4402 3518,4402 3518,4402"/>
                    <TextEquiv>
                        <Unicode>hoc</Unicode>
                    </TextEquiv>
                </Word>
                <Word id="r3l27_w7" custom="readingOrder {index:6;}">
                    <Coords points="3666,4400 3666,4460 3737,4460 3737,4400 3666,4400 3666,4400 3666,4400"/>
                    <TextEquiv>
                        <Unicode>quod</Unicode>
                    </TextEquiv>
                </Word>
                <Word id="r3l27_w8" custom="readingOrder {index:7;}">
                    <Coords points="3765,4399 3765,4459 3941,4459 3941,4399 3765,4399 3765,4399 3765,4399"/>
                    <TextEquiv>
                        <Unicode>actus</Unicode>
                    </TextEquiv>
                </Word>
                <TextEquiv>
                    <Unicode>innuit penam dictam / propter hoc quod actus</Unicode>
                </TextEquiv>
            </TextLine>
            <TextLine id="r3l28" custom="readingOrder {index:27;}">
                <Coords points="2529,4615 3533,4573 3844,4612 3964,4567 3930,4459 3287,4524 3090,4459 2831,4519 2741,4465 2528,4522"/>
                <Baseline points="2538,4574 2608,4572 2679,4570 2750,4568 2821,4568 2892,4566 2962,4566 3033,4566 3104,4566 3175,4564 3246,4564 3316,4564 3387,4564 3458,4564 3529,4564 3600,4562 3670,4562 3741,4560 3812,4559 3883,4556 3954,4554"/>
                <Word id="r3l28_w1" custom="readingOrder {index:0;}">
                    <Coords points="2569,4528 2569,4588 2942,4588 2942,4528 2569,4528 2569,4528 2569,4528"/>
                    <TextEquiv>
                        <Unicode>confitendi</Unicode>
                    </TextEquiv>
                </Word>
                <Word id="r3l28_w2" custom="readingOrder {index:1;}">
                    <Coords points="2988,4526 2988,4586 3193,4586 3193,4526 2988,4526 2988,4526 2988,4526"/>
                    <TextEquiv>
                        <Unicode>habet</Unicode>
                    </TextEquiv>
                </Word>
                <Word id="r3l28_w3" custom="readingOrder {index:2;}">
                    <Coords points="3238,4524 3238,4584 3593,4584 3593,4524 3238,4524 3238,4524 3238,4524"/>
                    <TextEquiv>
                        <Unicode>naturalerem</Unicode>
                    </TextEquiv>
                </Word>
                <Word id="r3l28_w4" custom="readingOrder {index:3;}">
                    <Coords points="3625,4519 3625,4579 3915,4579 3915,4519 3625,4519 3625,4519 3625,4519"/>
                    <TextEquiv>
                        <Unicode>erubescen¬</Unicode>
                    </TextEquiv>
                </Word>
                <TextEquiv>
                    <Unicode>confitendi habet naturalem erubescen¬</Unicode>
                </TextEquiv>
            </TextLine>
            <TextLine id="r3l29" custom="readingOrder {index:28;}">
                <Coords points="2523,4744 2736,4713 2832,4760 2925,4709 3030,4754 3205,4708 3421,4752 3539,4703 3728,4754 3979,4706 3978,4616 3789,4582 3641,4620 3368,4584 3296,4644 3111,4650 2949,4587 2522,4618"/>
                <Baseline points="2532,4708 2603,4704 2675,4702 2747,4700 2819,4700 2891,4698 2963,4698 3035,4696 3107,4696 3179,4696 3251,4696 3322,4696 3394,4696 3466,4694 3538,4694 3610,4694 3682,4692 3754,4692 3826,4690 3898,4688 3970,4686"/>
                <Word id="r3l29_w1" custom="readingOrder {index:0;}">
                    <Coords points="2544,4664 2544,4724 2657,4724 2657,4664 2544,4664 2544,4664 2544,4664"/>
                    <TextEquiv>
                        <Unicode>ciam</Unicode>
                    </TextEquiv>
                </Word>
                <Word id="r3l29_w2" custom="readingOrder {index:1;}">
                    <Coords points="2705,4659 2705,4719 2971,4719 2971,4659 2705,4659 2705,4659 2705,4659"/>
                    <TextEquiv>
                        <Unicode>annexam</Unicode>
                    </TextEquiv>
                </Word>
                <Word id="r3l29_w3" custom="readingOrder {index:2;}">
                    <Coords points="3012,4656 3012,4716 3173,4716 3173,4656 3012,4656 3012,4656 3012,4656"/>
                    <TextEquiv>
                        <Unicode>quem</Unicode>
                    </TextEquiv>
                </Word>
                <Word id="r3l29_w4" custom="readingOrder {index:3;}">
                    <Coords points="3213,4655 3213,4715 3576,4715 3576,4655 3213,4655 3213,4655 3213,4655"/>
                    <TextEquiv>
                        <Unicode>erubescencia</Unicode>
                    </TextEquiv>
                </Word>
                <Word id="r3l29_w5" custom="readingOrder {index:4;}">
                    <Coords points="3625,4652 3625,4712 3689,4712 3689,4652 3625,4652 3625,4652 3625,4652"/>
                    <TextEquiv>
                        <Unicode>in</Unicode>
                    </TextEquiv>
                </Word>
                <Word id="r3l29_w6" custom="readingOrder {index:5;}">
                    <Coords points="3705,4649 3705,4709 3971,4709 3971,4649 3705,4649 3705,4649 3705,4649"/>
                    <TextEquiv>
                        <Unicode>quantum</Unicode>
                    </TextEquiv>
                </Word>
                <TextEquiv>
                    <Unicode>ciam annexam que erubescencia in quantum</Unicode>
                </TextEquiv>
            </TextLine>
            <TextLine id="r3l30" custom="readingOrder {index:29;}">
                <Coords points="2516,4881 2954,4832 3134,4888 3491,4833 3736,4872 3817,4817 3968,4853 4015,4759 3184,4708 2817,4767 2668,4712 2514,4774"/>
                <Baseline points="2524,4832 2598,4830 2672,4830 2746,4828 2820,4827 2894,4826 2968,4825 3042,4824 3116,4823 3190,4822 3265,4820 3339,4820 3413,4818 3487,4818 3561,4816 3635,4816 3709,4814 3783,4812 3857,4812 3931,4810 4006,4808"/>
                <Word id="r3l30_w1" custom="readingOrder {index:0;}">
                    <Coords points="2535,4788 2535,4848 2920,4848 2920,4788 2535,4788 2535,4788 2535,4788"/>
                    <TextEquiv>
                        <Unicode>voluntarie</Unicode>
                    </TextEquiv>
                </Word>
                <Word id="r3l30_w2" custom="readingOrder {index:1;}">
                    <Coords points="2983,4782 2983,4842 3256,4842 3256,4782 2983,4782 2983,4782 2983,4782"/>
                    <TextEquiv>
                        <Unicode>assumpta</Unicode>
                    </TextEquiv>
                </Word>
                <Word id="r3l30_w3" custom="readingOrder {index:2;}">
                    <Coords points="3288,4780 3288,4840 3384,4840 3384,4780 3288,4780 3288,4780 3288,4780"/>
                    <TextEquiv>
                        <Unicode>propter</Unicode>
                    </TextEquiv>
                </Word>
                <Word id="r3l30_w4" custom="readingOrder {index:3;}">
                    <Coords points="3408,4777 3408,4837 3632,4837 3632,4777 3408,4777 3408,4777 3408,4777"/>
                    <TextEquiv>
                        <Unicode>deum</Unicode>
                    </TextEquiv>
                </Word>
                <Word id="r3l30_w5" custom="readingOrder {index:4;}">
                    <Coords points="3672,4773 3672,4833 3769,4833 3769,4773 3672,4773 3672,4773 3672,4773"/>
                    <TextEquiv>
                        <Unicode>est</Unicode>
                    </TextEquiv>
                </Word>
                <Word id="r3l30_w6" custom="readingOrder {index:5;}">
                    <Coords points="3801,4770 3801,4830 4001,4830 4001,4770 3801,4770 3801,4770 3801,4770"/>
                    <TextEquiv>
                        <Unicode>mag¬</Unicode>
                    </TextEquiv>
                </Word>
                <TextEquiv>
                    <Unicode>voluntarie assumpta propter deum est magna</Unicode>
                </TextEquiv>
            </TextLine>
            <TextLine id="r3l31" custom="readingOrder {index:30;} textStyle {offset:62; length:2;superscript:true;}">
                <Coords points="2514,5049 2729,4969 2834,5012 2949,4969 3057,5031 3162,4973 3278,5020 3709,4943 3804,5015 3883,4954 4007,4973 4004,4863 3553,4883 3495,4842 3098,4900 2980,4839 2510,4903"/>
                <Baseline points="2522,4966 2595,4966 2669,4966 2743,4964 2816,4964 2890,4962 2964,4960 3037,4958 3111,4956 3185,4954 3259,4952 3332,4949 3406,4947 3480,4944 3553,4942 3627,4940 3701,4938 3774,4936 3848,4934 3922,4934 3996,4932"/>
                <Word id="r3l31_w1" custom="readingOrder {index:0;}">
                    <Coords points="2543,4926 2543,4986 2646,4986 2646,4926 2543,4926 2543,4926 2543,4926"/>
                    <TextEquiv>
                        <Unicode>pars</Unicode>
                    </TextEquiv>
                </Word>
                <Word id="r3l31_w2" custom="readingOrder {index:1;}">
                    <Coords points="2672,4923 2672,4983 3027,4983 3027,4923 2672,4923 2672,4923 2672,4923"/>
                    <TextEquiv>
                        <Unicode>satissccionis</Unicode>
                    </TextEquiv>
                </Word>
                <Word id="r3l31_w3" custom="readingOrder {index:2;}">
                    <Coords points="3053,4917 3053,4977 3089,4977 3089,4917 3053,4917 3053,4917 3053,4917"/>
                    <TextEquiv>
                        <Unicode>pro</Unicode>
                    </TextEquiv>
                </Word>
                <Word id="r3l31_w4" custom="readingOrder {index:3;}">
                    <Coords points="3097,4914 3097,4974 3235,4974 3235,4914 3097,4914 3097,4914 3097,4914"/>
                    <TextEquiv>
                        <Unicode>peccato</Unicode>
                    </TextEquiv>
                </Word>
                <Word id="r3l31_w5" custom="readingOrder {index:4;}">
                    <Coords points="3271,4908 3271,4968 3409,4968 3409,4908 3271,4908 3271,4908 3271,4908"/>
                    <TextEquiv>
                        <Unicode>secundum</Unicode>
                    </TextEquiv>
                </Word>
                <Word id="r3l31_w6" custom="readingOrder {index:5;}">
                    <Coords points="3426,4904 3426,4964 3505,4964 3505,4904 3426,4904 3426,4904 3426,4904"/>
                    <TextEquiv>
                        <Unicode>ild</Unicode>
                    </TextEquiv>
                </Word>
                <Word id="r3l31_w7" custom="readingOrder {index:6;}">
                    <Coords points="3556,4899 3556,4959 3756,4959 3756,4899 3556,4899 3556,4899 3556,4899"/>
                    <TextEquiv>
                        <Unicode>ecclesiati</Unicode>
                    </TextEquiv>
                </Word>
                <Word id="r3l31_w8" custom="readingOrder {index:7;}">
                    <Coords points="3790,4894 3790,4954 3878,4954 3878,4894 3790,4894 3790,4894 3790,4894"/>
                    <TextEquiv>
                        <Unicode>4to</Unicode>
                    </TextEquiv>
                </Word>
                <Word id="r3l31_w9" custom="readingOrder {index:8;}">
                    <Coords points="3903,4893 3903,4953 3990,4953 3990,4893 3903,4893 3903,4893 3903,4893"/>
                    <TextEquiv>
                        <Unicode>qut</Unicode>
                    </TextEquiv>
                </Word>
                <TextEquiv>
                    <Unicode>pars satisfaccionis pro peccato secundum illud ecclesiastici 4to Est</Unicode>
                </TextEquiv>
            </TextLine>
            <TextLine id="r3l32" custom="readingOrder {index:31;}">
                <Coords points="2542,5105 2703,5157 2892,5100 3343,5144 3775,5081 3996,5107 3994,5006 3804,5016 3734,4967 3563,5011 3475,4963 3160,5041 2986,5002 2540,5042"/>
                <Baseline points="2550,5090 2621,5092 2693,5094 2765,5094 2837,5094 2909,5094 2980,5092 3052,5092 3124,5090 3196,5088 3268,5086 3339,5084 3411,5082 3483,5080 3555,5078 3627,5075 3698,5074 3770,5070 3842,5070 3914,5068 3986,5066"/>
                <Word id="r3l32_w1" custom="readingOrder {index:0;}">
                    <Coords points="2559,5054 2559,5114 2880,5114 2880,5054 2559,5054 2559,5054 2559,5054"/>
                    <TextEquiv>
                        <Unicode>confusio</Unicode>
                    </TextEquiv>
                </Word>
                <Word id="r3l32_w2" custom="readingOrder {index:1;}">
                    <Coords points="2932,5052 2932,5112 2998,5112 2998,5052 2932,5052 2932,5052 2932,5052"/>
                    <TextEquiv>
                        <Unicode>ad</Unicode>
                    </TextEquiv>
                </Word>
                <Word id="r3l32_w3" custom="readingOrder {index:2;}">
                    <Coords points="3022,5049 3022,5109 3274,5109 3274,5049 3022,5049 3022,5049 3022,5049"/>
                    <TextEquiv>
                        <Unicode>ducens</Unicode>
                    </TextEquiv>
                </Word>
                <Word id="r3l32_w4" custom="readingOrder {index:3;}">
                    <Coords points="3319,5041 3319,5101 3521,5101 3521,5041 3319,5041 3319,5041 3319,5041"/>
                    <TextEquiv>
                        <Unicode>geram</Unicode>
                    </TextEquiv>
                </Word>
                <Word id="r3l32_w5" custom="readingOrder {index:4;}">
                    <Coords points="3573,5036 3573,5096 3632,5096 3632,5036 3573,5036 3573,5036 3573,5036"/>
                    <TextEquiv>
                        <Unicode>et</Unicode>
                    </TextEquiv>
                </Word>
                <Word id="r3l32_w6" custom="readingOrder {index:5;}">
                    <Coords points="3669,5030 3669,5090 3982,5090 3982,5030 3669,5030 3669,5030 3669,5030"/>
                    <TextEquiv>
                        <Unicode>gloriam</Unicode>
                    </TextEquiv>
                </Word>
                <TextEquiv>
                    <Unicode>confusio adducens graciam et gloriam</Unicode>
                </TextEquiv>
            </TextLine>
            <TextLine id="r3l33" custom="readingOrder {index:32;}">
                <Coords points="2532,5266 2661,5309 3000,5238 3252,5225 3376,5280 3606,5215 4011,5218 4007,5109 3534,5108 3320,5166 2903,5129 2691,5180 2527,5125"/>
                <Baseline points="2540,5232 2613,5232 2686,5232 2759,5232 2832,5230 2905,5228 2978,5226 3051,5224 3124,5220 3197,5217 3270,5214 3343,5211 3416,5208 3489,5204 3562,5202 3635,5199 3708,5196 3781,5194 3854,5192 3927,5190 4000,5190"/>
                <Word id="r3l33_w1" custom="readingOrder {index:0;}">
                    <Coords points="2546,5192 2546,5252 2620,5252 2620,5192 2546,5192 2546,5192 2546,5192"/>
                    <TextEquiv>
                        <Unicode>Et</Unicode>
                    </TextEquiv>
                </Word>
                <Word id="r3l33_w2" custom="readingOrder {index:1;}">
                    <Coords points="2651,5191 2651,5251 2876,5251 2876,5191 2651,5191 2651,5191 2651,5191"/>
                    <TextEquiv>
                        <Unicode>posset</Unicode>
                    </TextEquiv>
                </Word>
                <Word id="r3l33_w3" custom="readingOrder {index:2;}">
                    <Coords points="2905,5184 2905,5244 3130,5244 3130,5184 2905,5184 2905,5184 2905,5184"/>
                    <TextEquiv>
                        <Unicode>homo</Unicode>
                    </TextEquiv>
                </Word>
                <Word id="r3l33_w4" custom="readingOrder {index:3;}">
                    <Coords points="3167,5174 3167,5234 3347,5234 3347,5174 3167,5174 3167,5174 3167,5174"/>
                    <TextEquiv>
                        <Unicode>idem</Unicode>
                    </TextEquiv>
                </Word>
                <Word id="r3l33_w5" custom="readingOrder {index:4;}">
                    <Coords points="3384,5164 3384,5224 3579,5224 3579,5164 3384,5164 3384,5164 3384,5164"/>
                    <TextEquiv>
                        <Unicode>peccatum</Unicode>
                    </TextEquiv>
                </Word>
                <Word id="r3l33_w6" custom="readingOrder {index:5;}">
                    <Coords points="3616,5155 3616,5215 3833,5215 3833,5155 3616,5155 3616,5155 3616,5155"/>
                    <TextEquiv>
                        <Unicode>tociens</Unicode>
                    </TextEquiv>
                </Word>
                <Word id="r3l33_w7" custom="readingOrder {index:6;}">
                    <Coords points="3878,5150 3878,5210 4012,5210 4012,5150 3878,5150 3878,5150 3878,5150"/>
                    <TextEquiv>
                        <Unicode>con¬</Unicode>
                    </TextEquiv>
                </Word>
                <TextEquiv>
                    <Unicode>Et posset homo idem peccatum tociens con¬</Unicode>
                </TextEquiv>
            </TextLine>
            <TextLine id="r3l34" custom="readingOrder {index:33;}">
                <Coords points="2549,5432 2779,5380 2851,5442 3335,5445 3593,5365 3979,5401 3950,5222 3603,5235 3480,5291 3256,5237 2661,5309 2546,5279"/>
                <Baseline points="2558,5360 2628,5361 2699,5362 2769,5362 2840,5362 2910,5360 2981,5359 3051,5356 3122,5354 3192,5352 3263,5349 3333,5346 3404,5343 3474,5340 3545,5338 3615,5336 3686,5336 3756,5336 3827,5336 3897,5337 3968,5340"/>
                <Word id="r3l34_w1" custom="readingOrder {index:0;}">
                    <Coords points="2598,5321 2598,5381 2794,5381 2794,5321 2598,5321 2598,5321 2598,5321"/>
                    <TextEquiv>
                        <Unicode>fiteri</Unicode>
                    </TextEquiv>
                </Word>
                <Word id="r3l34_w2" custom="readingOrder {index:1;}">
                    <Coords points="2818,5322 2818,5382 2833,5382 2833,5322 2818,5322 2818,5322 2818,5322"/>
                    <TextEquiv>
                        <Unicode>/</Unicode>
                    </TextEquiv>
                </Word>
                <Word id="r3l34_w3" custom="readingOrder {index:2;}">
                    <Coords points="2849,5320 2849,5380 2912,5380 2912,5320 2849,5320 2849,5320 2849,5320"/>
                    <TextEquiv>
                        <Unicode>quod</Unicode>
                    </TextEquiv>
                </Word>
                <Word id="r3l34_w4" custom="readingOrder {index:3;}">
                    <Coords points="2928,5319 2928,5379 3014,5379 3014,5319 2928,5319 2928,5319 2928,5319"/>
                    <TextEquiv>
                        <Unicode>propter</Unicode>
                    </TextEquiv>
                </Word>
                <Word id="r3l34_w5" custom="readingOrder {index:4;}">
                    <Coords points="3038,5315 3038,5375 3124,5375 3124,5315 3038,5315 3038,5315 3038,5315"/>
                    <TextEquiv>
                        <Unicode>hoc</Unicode>
                    </TextEquiv>
                </Word>
                <Word id="r3l34_w6" custom="readingOrder {index:5;}">
                    <Coords points="3171,5306 3171,5366 3469,5366 3469,5306 3171,5306 3171,5306 3171,5306"/>
                    <TextEquiv>
                        <Unicode>liberatur</Unicode>
                    </TextEquiv>
                </Word>
                <Word id="r3l34_w7" custom="readingOrder {index:6;}">
                    <Coords points="3509,5296 3509,5356 3721,5356 3721,5296 3509,5296 3509,5296 3509,5296"/>
                    <TextEquiv>
                        <Unicode>abonum</Unicode>
                    </TextEquiv>
                </Word>
                <Word id="r3l34_w8" custom="readingOrder {index:7;}">
                    <Coords points="3760,5296 3760,5356 3878,5356 3878,5296 3760,5296 3760,5296 3760,5296"/>
                    <TextEquiv>
                        <Unicode>peam</Unicode>
                    </TextEquiv>
                </Word>
                <TextEquiv>
                    <Unicode>fiteri / quod propter hoc liberatur ab onmni pena</Unicode>
                </TextEquiv>
            </TextLine>
            <TextEquiv>
                <Unicode>a domino Iustificabatur autem dominus / cum eius predicatur
iusticia / et ab eo venia postulatur simul et
ipse iustifficabit confitentem / et iustisficatur
in sermonibus suis sicut sciptum est dic in¬
iquitates tuas ut iustifficeris Quid enim
inquid willhelmus in de sacramentis iustius est / quam
qui peccando se super se extulit / quod talis
emendando se deprimat / et aliis ad cor¬
rigendum fatendo culpam suam se exponat
quod quis facit peccata sua humiliter confitendo
Qinto confessio est utilis quia propter eam remittitur
pena / quam homo deberet pati pro peccato Et hoc /
dupliciter / ut confessio est in solo vo i voto
sive in proposito / sicut quando homo habet veram
contricionem et propositum confitendi peccatum suum /
et sic commutat penam eternam in penam
temporalem / quam homo tenetur soluere vel
hic vel in purgatorio / Et quia ista pena
temporalis ut dicit Bonaventura distinccione 17 4ti in¬
quam ista eterna commutata / est in¬
proporcionata viribus penitentis Sed per
vim clavium in confessione et ablsolucione
interim illa pena minuitur quod ipsa erit propor¬
cionata et tollerabilis viribus penitentis
ita quod fsatisfaciendo posset se ab ea in hac
vita totaliter liberare Secunda confessio
innuit penam dictam / propter hoc quod actus
confitendi habet naturalem erubescen¬
ciam annexam que erubescencia in quantum
voluntarie assumpta propter deum est magna
pars satisfaccionis pro peccato secundum illud ecclesiastici 4to Est
confusio adducens graciam et gloriam
Et posset homo idem peccatum tociens con¬
fiteri / quod propter hoc liberatur ab onmni pena</Unicode>
            </TextEquiv>
        </TextRegion>
    </Page>
</PcGts>
