5166 6845
676 1146 2038 1256 se contegit Sepe enim in ipsa edendi
628 1266 1990 1380 via furtive adiuncta subsequitur non¬
634 1394 2014 1498 nunquam vero inpudenter libera eciam preire
652 1520 1992 1628 conatur ffacile autem est deprehendere
652 1648 1984 1752 cum voluptas necessitatem prevenit sed valde
650 1770 1954 1872 difficile est discernere cum in ipso necessario
652 1890 1966 1992 esu se quasi occulta subiungit Nam
648 2018 2024 2128 quia preeuntem nature appetitum sequitur quasi a tergo
628 2134 2020 2246 veniens tardius videtur Eo enim tempore quo
648 2254 2028 2370 necessitatis debitum solvitur quia per esum volup¬
644 2378 1996 2492 tas necessitati miscetur / et hoc quod necessitas petat
644 2508 2036 2612 et quid voluptas ignoratur / Et quia utraque
642 2630 1998 2734 coniuncta sunt / dum sibi mens ex necessitate
654 2748 1992 2854 blanditur ex voluptate decipitur Et saepe
650 2870 2038 2970 dum necessitati incaute condescendimus de¬
658 2988 1996 3089 sideriis deservimus / ut dum desideriis in¬
666 3112 2020 3201 moderacius obviare nitimur necessitatis mi¬
658 3226 2024 3327 serias augemus Unde allexander de hallis
660 3346 2024 3427 2a 2e parte q. 47ma  Quando miscetur
656 3438 2080 3560 necessitas et voluptas non est semper perceptibile
646 3576 2024 3682 quid licitum / quid illicitum / sicut in aliis
654 3698 2004 3802 peccatis ut in ira / quia multociens credit homo
644 3814 2016 3924 irasci contra vicium / et irascitur contra personam
644 3946 2048 4046 / tamen uniccio docet sanctos discernere / quid sit ne¬
664 4068 2040 4162 cessitas et quid voluptas / licet vero de se non
650 4191 2020 4277 attingat hoc sicut fuit in adam ante
642 4305 2038 4401 peccatum et est nobis in penam pro quo notandum
658 4425 2022 4510 2o quod ut dicit S. T. in questionibus de malo
664 4532 1998 4630 questione 14ma Regula racionis in comedendo
670 4652 2090 4734 et bibendo hec ut homo summat cibum
666 4759 2032 4854 secundum quod convenit suscentacioni nature / et bone
682 4886 2060 4980 habitudini et hominis ad spiritualia precipue
656 5002 2030 5096 et conversacioni eorum cum quibus vivit
660 5118 2062 5224 ut Aristoteles 3o ethycorum Quando ergo secundum hanc
674 5242 2018 5325 regulam quis sumit cibum / tunc summit
668 5353 2036 5443 2m necessitatem Quando vero ultra hoc ex¬
660 5464 2008 5556 cedit transcedit regulam racionis Et
2360 1136 3798 1249 sic dicuntur precipue / quando fit ad satisfaciendum
2356 1260 3756 1367 voluptati / quandoque multum receditur / et illud
2362 1386 3796 1485 de facile potest percipi / et hoc eciam gravat corpus
2402 1516 3752 1619 sensibiliter Quando autem parum receditur est inper¬
2378 1636 3782 1733 ceptibile et parum de racione gule Et sic in¬
2382 1762 3778 1861 telliguntur verba gregorii 3o moralium supra¬
2360 1886 3758 1987 posita Tercio notandum quod circa illud cibum
2372 2007 3736 2104 homines multipliciter errant Unde sepius
2380 2120 3820 2234 contigunt egritudines primus error est ex parte
2384 2242 3824 2363 vescentis / scilicet quando aliquis comedit non indi¬
2378 2375 3772 2498 gens cibo non vescitur ymo / nauseat
2374 2501 3782 2614 cibus extra infirmitatem / quod notanter dico
2378 2638 3816 2743 quia ethici et infirmi sunt cibandi eciam
2380 2760 3788 2873 sine appetitu non deficiat virtus naturalis
2376 2882 3788 3004 2o / quando non prestituitur debitus finis come¬
2366 2998 3788 3122 dendi qui esse debet non delectacio sola nec
2388 3125 3800 3240 inpiguacio corporis vel vivacitas et
2392 3241 3800 3370 pulchritudo corporalis / sed talis sanitas corporis
2388 3358 3818 3493 que valet anime ad exercicia spiritualia / ad
2394 3492 3806 3625 gloriam dei / non enim vivimus ut vescamur
2418 3624 3780 3751 sed vescimur ut bona opera expedite exercere
2392 3748 3768 3875 possimus Et sic isti qui in comedendo
2400 3882 3824 4003 sanitatem conservare nolunt / ut delectacionem
2404 4004 3822 4119 in cibis et potibus semper habeant sunt
2406 4120 3790 4245 gulosi et crupulosi / Alii vero ut diu
2410 4248 3778 4353 vivant querunt comedendo sanitatem quales
2408 4356 3834 4479 sunt divites et potentes in hoc mundo
2414 4498 3826 4605 qui vescendo perpetuare vellent hanc
2386 4608 3854 4733 vitam si possent Potest 2o eciam error ex parte
2414 4736 3782 4857 comedencium evenire quando nimis multi
2414 4852 3806 4977 de eadem scutella comedunt sicut bestie
2394 4994 3870 5104 / cuius oppositum religiosi servant et terre sobrie / in hiis
2410 5116 3812 5218 enim communiter provocatur homo ad multum
2426 5233 3792 5347 comedendum / 29 error est ex parte actus
2408 5356 3826 5461 comedendi / et hoc fit quando aliquis aut nimis
2420 5474 3944 5565 avide aut festinanter comedit / aut excessive
