5166 6845
1143 1229 2051 1295 ortamur vos ne in va¬
1156 1303 2108 1415 cuum graciam dei recipiatis
1128 1419 2048 1532 Secunda Ad Corinthios vito
1126 1527 2044 1650 Quia tempus valde precio¬
1094 1636 2094 1757 sum est et quidquid de eo
650 1758 2054 1925 perdidimus hoc non revertitur
742 1867 2100 2021 sicut docet seneca Epistola prima ad lu¬
714 1987 2074 2129 cillium Ita fac mi lucille vendica
706 2119 2066 2249 te tibi / et tempus quod aut auferebatur
714 2231 2082 2361 aut surripiebatur aut excidebat col¬
714 2349 2116 2481 lige et serva Turpissima enim iactura
714 2475 2122 2607 est / que per negligenciam fit / Quod michi
710 2588 2142 2729 dabis qui aliquod precium tempori ponat / qui
722 2702 2164 2837 diem estimat / qui intelligant se cot¬
722 2833 2090 2957 tidie mori Et sequitur reliqua omnia vobis
724 2959 2090 3067 aliena sunt / tempus tantum nostrum est / Tunc
738 3075 2138 3191 ceperimus esse nostri id est cum virtutibus per¬
742 3193 2106 3305 ficimus et bona agimus Vt dicit idem
738 3311 2090 3441 Epistola lxx͂ia Ideo quamvis omni die con¬
768 3429 2076 3555 sultum sit nobis aiiiio animo cogitare
744 3547 2158 3675 quid facturi sumus / et vespere quid fecerimus
756 3671 2152 3794 ut in vitis patrum fertur fecisse sanctum
756 3795 2114 3902 arsenium / qui cottidie mane et vespere
770 3897 2148 4015 intra se ipsum sollicite inquirebat
770 4017 2142 4137 quid per totam diem fecerit eorum que
786 4127 2146 4255 vult deus / vel quid non fecerit / et con¬
792 4261 2234 4367 siderans omnem vitam suam egit penitenciam
778 4389 2150 4487 tamen precipue in hoc sacramento observancie et ie¬
792 4501 2206 4605 iunii tempore quod pre ceteris est preciosum ‧ licet
770 4613 2174 4721 a multis vile reputetur Unde Bernhardus in
782 4733 2156 4845 de contemptu mundi / quod scala qua ad
780 4859 2200 4967 deum ascendimus habet tres gradus
792 4975 2134 5083 scilicet Sobrie vivere quo ad nos / iuste
792 5077 2144 5205 quo ad proximum / et pie quo ad deum
830 5174 2230 5320 latera sunt vilitas et asperitas innixa
818 5318 2166 5420 vasibus id est duobus lignis crucis de¬
828 5410 2164 5500 super eciam capitellis coherentibus
2428 1139 3842 1271 scilicet spe superne glorie / ac voluptatis Et subdit
2422 1271 3816 1389 ad propositum Breves dies hominis sunt
2448 1387 3876 1515 sed esto quod restent tibi multorum annorum cur¬
2428 1521 3796 1635 ricula que necesse habes emittere tempora
2432 1638 3816 1751 perdere lucra tanta nichil enim tempore pre¬
2442 1756 3828 1865 ciosius sed nichil hodie vilius estimatur
2434 1865 3880 1985 transeunt dies salutis / et nemo sibi non
2436 1985 3884 2111 redditura momenta perisse causatur Sede
2444 2105 3828 2241 ergo et conputa quid diebus singulis
2450 2233 3864 2353 acquirere valeas apud deum. Et ibidem sub¬
2452 2359 3836 2473 dit quod sicut nullum momentum est in quo
2462 2471 3856 2591 homo non fruatur dei bonitate et misericordia
2462 2587 3858 2703 ita nullum tempus debet esse / quo eum non
2474 2703 3856 2821 habeat in memoria quia omne tempus
2450 2819 3870 2935 in quo de deo non cogitas / Hoc te conputa
2462 2935 3856 3057 conputa perdidisse / Hec Bernhardus. Et hoc intelligitur
2498 3047 3858 3189 sicut illud psalmi Benedicam domino in omni
2476 3161 3932 3313 tempore / semper apto et convenienti ‧ quando oportet 2m
2488 3305 3880 3423 dictamen recte racionis / quia aliquando homo
2476 3417 3860 3527 debet dormire / aliquando comedere / quia ergo hoc tempus
2500 3528 3916 3645 breve est ne perdamus redimendum est
2498 3648 3948 3755 et 2m illud Apostoli ad Ephesios vto Redimentes
2494 3771 3860 3877 tempus quoniam dies mali sunt quia labile et
2500 3877 3918 4000 aufferebile / ideo caute conservandum est Ecclesiastici
2528 3983 3880 4114 4to ffili mi conserva tempus / et devita
2500 4094 3938 4233 a malo Item quia acceptabile est et nobis da¬
2502 4209 3924 4345 tum ad merendum / ideo salubriter expenden¬
2500 4339 3876 4457 dum / ut in presenti epistola / dominus enim temporis
2508 4455 3904 4577 dedit nobis omne tempus ut ei placite
2532 4573 3908 4693 et digne serviremus et hoc in tempore mereamur
2524 4697 3912 4807 Ecce inquam tempus // nunc // acceptabile Glosa
2500 4807 3942 4921 Ambrosii Quo morbis mortalibus sa¬
2524 4923 4002 5051 lubris infunditur medicina Ecce nunc dies
2532 5046 3948 5167 salutis qui non fuerunt in lege veteri
2526 5160 3938 5269 vocatur autem hoc tempus penitencie acceptabile
2562 5264 3920 5368 propter 4or primo propter hoc quia in eo remittuntur
2562 5362 3980 5468 peccata quia tempus dampnatorum erit in secula
