5166 6804
1408 1267 1487 1327 uc
1515 1257 1776 1317 iusticiam
1806 1247 1961 1307 facere
1990 1240 2209 1300 obiat
2237 1234 2421 1294 statui
2472 1225 2698 1285 iudicas

1394 1378 1562 1438 fornm
1575 1371 1697 1431 cari
1730 1364 1932 1424 statui
1959 1356 2229 1416 spiritualium
2262 1347 2599 1407 mendatium
2627 1340 2714 1400 dec

1378 1493 1481 1553 tori
1508 1481 1779 1541 veritatis
1806 1473 1993 1533 dohoc
2034 1467 2256 1527 reducitur
2277 1462 2421 1522 siquis
2457 1457 2560 1517 gracire
2601 1452 2685 1512 dei
2699 1449 2767 1509 pre¬

1349 1608 1593 1668 servatus
1635 1599 1714 1659 est
1772 1593 1836 1653 b
1894 1585 2124 1645 aliquo
2167 1579 2304 1639 peccato
2339 1577 2397 1637 et
2433 1576 2519 1636 in
2533 1576 2814 1636 virtutibus

1386 1730 1596 1790 multum
1625 1718 1829 1778 creuvit
1864 1708 2111 1768 quibus
2147 1701 2196 1761 se
2217 1698 2386 1758 pravat
2429 1692 2492 1752 et
2520 1686 2739 1746 spoliat

1386 1853 1424 1913 pro
1432 1847 1584 1907 peccatum
1622 1837 1781 1897 Unde
1819 1827 1956 1887 dicit
2010 1816 2199 1876 dugustinus
2230 1809 2344 1869 uti
2382 1805 2519 1865 supr
2541 1802 2761 1862 defleat

1385 1971 1550 2031 virtutem
1592 1961 1816 2021 quam
1840 1946 2041 2006 intim
2065 1931 2266 1991 caruit
2319 1916 2591 1976 dolendum
2620 1914 2692 1974 est

1403 2087 1513 2147 eium
1541 2080 1672 2140 non
1692 2070 1844 2130 solum
1872 2062 1940 2122 quia
1961 2052 2209 2112 peccavit
2243 2040 2299 2100 sed
2319 2036 2409 2096 etciam
2436 2029 2505 2089 quia
2526 2024 2698 2084 vertute

1424 2191 1474 2251 se
1507 2184 1750 2244 puravit
1801 2176 1973 2236 Siliter
2005 2165 2306 2225 agguatur
2331 2152 2497 2212 peccatum
2535 2140 2715 2200 ratione

1388 2295 1827 2355 magtudinis
1871 2277 2234 2337 beneficiorum
2279 2266 2381 2326 dei
2400 2263 2413 2323 /
2432 2259 2559 2319 qui
2604 2253 2763 2313 eui

1439 2406 1733 2466 sublimatu
1781 2398 1843 2458 ad
1863 2393 2007 2453 altum
2027 2383 2197 2443 stitum
2239 2376 2300 2436 et
2328 2370 2451 2430 sibi
2478 2360 2785 2420 magnas

1406 2518 1638 2578 virtutes
1664 2511 1870 2571 contulit
1909 2501 2042 2561 Ideo
2068 2492 2280 2552 subdit
2333 2481 2519 2541 dugtus
2538 2476 2584 2536 fu
2604 2474 2737 2534 gratus

1450 2632 1563 2692 enim
1601 2631 1795 2691 extitit
1845 2623 1958 2683 qui
1996 2612 2222 2672 plevus
2253 2597 2491 2657 vircuntibus
2516 2589 2635 2649 deum
2660 2586 2792 2646 omno

1440 2747 1518 2807 non
1541 2742 1756 2802 timuit
1779 2739 1785 2799 /
1813 2735 1988 2795 Coacus
2027 2727 2140 2787 eciam
2186 2717 2457 2777 agguat
2502 2706 2570 2766 quia
2598 2698 2750 2758 cetis

1434 2858 1697 2918 paribus
1727 2847 1945 2907 gravis
1975 2840 2057 2900 est
2080 2835 2252 2895 peccatum
2290 2830 2350 2890 quod
2364 2823 2605 2883 committitur
2628 2818 2673 2878 in
2695 2814 2822 2874 ecclesia

1437 2976 1533 3036 vel
1567 2969 1806 3029 ciiterio
1826 2965 1840 3025 /
1860 2963 1963 3023 ubi
1996 2958 2180 3018 mulca
2208 2952 2378 3012 sctorum
2399 2945 2542 3005 corpora
2576 2936 2753 2996 requi

1450 3084 1596 3144 escunt
1644 3081 1700 3141 et
1727 3078 1907 3138 sacramentum
1949 3077 2143 3137 eueraite
2184 3074 2337 3134 quam
2364 3073 2427 3133 in
2448 3066 2725 3126 famera

1422 3200 1527 3260 sua
1573 3196 1641 3256 Et
1663 3193 1792 3253 siter
1823 3190 1876 3250 si
1906 3189 2027 3249 fiat
2066 3185 2422 3245 iufamera
2483 3177 2558 3237 in
2573 3173 2702 3233 qua
2748 3162 2846 3222 sunt

1428 3315 1596 3375 sctorum
1617 3306 1901 3366 relique
1946 3302 2113 3362 gravius
2142 3299 2230 3359 est
2259 3296 2427 3356 peccatum
2463 3292 2528 3352 Et
2551 3288 2682 3348 similiter
2704 3282 2762 3342 si¬

1445 3420 1571 3480 fiat
1610 3415 1667 3475 in
1685 3414 1807 3474 loco
1844 3411 2016 3471 pubico
2060 3406 2536 3466 videscandalum
2561 3395 2745 3455 posset

1444 3526 1576 3586 oibi
1611 3524 1763 3584 Sciam
1790 3524 1936 3584 eciam
1977 3520 2261 3580 aggavat
2302 3518 2372 3578 quia
2392 3517 2503 3577 quando
2524 3514 2725 3574 homo

1455 3640 1639 3700 peccat
1659 3638 1672 3698 /
1686 3638 1740 3698 et
1774 3638 1856 3698 cum
1883 3636 1991 3696 hoc
2032 3636 2167 3696 actu
2209 3634 2311 3694 scit
2344 3632 2406 3692 quod
2419 3626 2732 3686 malefacit
2786 3614 2826 3674 et

1429 3749 1580 3809 iltra
1623 3748 1738 3808 hoc
1768 3748 1911 3808 facit
1961 3750 2126 3810 contr
2163 3750 2479 3810 conscinciam
2500 3745 2673 3805 gravius
2695 3736 2867 3796 peccat

1425 3865 1581 3925 quam
1602 3864 1653 3924 si
1688 3862 2095 3922 exinfirmitate
2137 3863 2244 3923 vel
2266 3864 2558 3924 ignoratia
2593 3857 2835 3917 fuceret

1419 3983 1574 4043 quia
1621 3980 1745 4040 glosa
1769 3980 1901 4040 super
1916 3980 2017 4040 isto
2072 3980 2142 4040 o
2189 3982 2275 4042 hst
2321 3980 2469 4040 oine
2508 3974 2795 4034 quodenem

1421 4096 1625 4156 exrfidere
1656 4096 1844 4156 peccatum
1890 4096 1980 4156 est
2011 4096 2086 4156 dicit
2116 4096 2283 4156 „Qui
2313 4094 2464 4154 facit
2502 4090 2623 4150 con
2646 4081 2872 4141 conscienciam

1462 4209 1733 4269 edificat
1789 4206 2131 4266 adiehenam
2159 4210 2316 4270 igracie
2358 4212 2458 4272 hoc
2486 4210 2586 4270 dicitur
2600 4207 2778 4267 racione¬

1439 4326 1705 4386 gravitatis
1732 4324 1851 4384 peccati
1904 4324 1978 4384 quia
2004 4324 2077 4384 in
2090 4325 2224 4385 omni
2257 4324 2443 4384 mortalie
2477 4322 2563 4382 eciam
2577 4320 2616 4380 st
2636 4314 2789 4374 edifi

1427 4442 1562 4502 catur
1589 4438 1656 4498 ad
1676 4436 1919 4496 iehena
1987 4432 2182 4492 etmpus
2216 4430 2303 4490 ut
2330 4426 2546 4486 siquis
2579 4418 2795 4478 pecat

1428 4550 1525 4610 tempore
1555 4544 1690 4604 sacro
1727 4542 1810 4602 ut
1848 4540 2110 4600 infestis
2148 4541 2207 4601 in
2222 4540 2470 4600 quibus
2500 4536 2583 4596 debet
2598 4534 2680 4594 hodo
2695 4526 2853 4586 sctisi¬

1437 4663 1569 4723 care
1612 4655 1818 4715 sabibum
1833 4654 1854 4714 /
1870 4652 2229 4712 abstinendo
2258 4652 2318 4712 se
2376 4652 2611 4712 abonum
2647 4648 2765 4708 opere
2780 4643 2845 4703 se¬

1437 4772 1574 4832 iuli
1619 4772 1789 4832 peccatum
1809 4770 1946 4830 autem
1985 4768 2070 4828 est
2103 4768 2279 4828 opus
2311 4764 2612 4824 maxime
2651 4762 2821 4822 servile

1434 4877 1551 4937 secundum
1574 4883 1735 4943 illud
1771 4886 1940 4946 ioio
1969 4885 2035 4945 eo
2072 4883 2233 4943 Qui
2262 4880 2365 4940 fate
2387 4878 2571 4938 peccatum
2592 4874 2783 4934 servus
2812 4874 2857 4934 est

1464 5001 1605 5061 peccati
1646 5002 1709 5062 et
1737 5002 1857 5062 ista
1905 5000 2200 5060 cracumscaencia
2235 4996 2417 5056 valde
2452 4994 2614 5054 caute
2669 4994 2698 5054 ex
2733 4994 2782 5054 pre¬

1443 5114 1669 5174 mitur
1690 5116 1704 5176 /
1732 5116 1774 5176 ex
1824 5116 1943 5176 que
1985 5116 2154 5176 peccatum
2189 5115 2408 5175 mortale
2456 5114 2717 5174 commissu
2753 5114 2837 5174 in¬

1439 5227 1545 5287 die
1572 5225 1727 5285 festo
1776 5223 1825 5283 est
1846 5222 1979 5282 contra
1993 5219 2148 5279 illud
2176 5216 2428 5276 preceptum
2484 5216 2610 5276 Sab
2639 5216 2716 5276 cirta
2765 5218 2849 5278 sci

1428 5336 1591 5396 fices
1605 5335 1619 5395 /
1641 5333 1783 5393 contra
1797 5331 1869 5391 quod
1883 5328 2159 5388 peccando
2195 5326 2344 5386 facit
2401 5325 2450 5385 ex
2493 5324 2663 5384 dictis
2721 5322 2827 5382 icet

1456 5458 1582 5518 enim
1603 5455 1683 5515 sit
1710 5452 1903 5512 unus
1937 5450 2110 5510 actus
2131 5448 2210 5508 ten
2244 5448 2497 5508 equalet
2545 5448 2738 5508 duobus

3232 1222 3394 1282 peccatis
3429 1218 3577 1278 ymo
3626 1212 3732 1272 abi
3767 1207 3971 1267 diceba
4070 1204 4077 1264 /
4084 1204 4133 1264 qui
4175 1204 4351 1264 esset
4387 1207 4506 1267 dicios

3162 1346 3296 1406 peccata
3319 1343 3341 1403 /
3356 1342 3408 1402 et
3437 1339 3505 1399 ergo
3520 1336 3624 1396 tanem
3662 1334 3744 1394 est
3773 1330 3938 1390 quodtalis
3960 1325 4229 1385 cumistacio
4266 1322 4438 1382 semper

3162 1461 3400 1521 confitea
3479 1450 3625 1510 non
3643 1449 3722 1509 tramntu
3765 1448 3899 1508 volo
3941 1448 4069 1508 dicere
4106 1447 4173 1507 quod
4185 1442 4477 1502 fornicacio

3168 1576 3287 1636 facta
3322 1569 3420 1629 die
3448 1565 3679 1625 domicio
3707 1562 3791 1622 propter
3819 1562 3924 1622 hoc
3958 1559 4106 1619 non
4133 1557 4211 1617 sit
4238 1552 4490 1612 forincate

3150 1687 3233 1747 ita
3283 1680 3352 1740 quod
3373 1678 3443 1738 in
3464 1674 3624 1734 aliud
3687 1672 3910 1732 genus
3937 1671 4063 1731 peccati
4119 1667 4391 1727 transeat
4412 1662 4426 1722 /
4433 1660 4488 1720 sed

3158 1800 3351 1860 gravior
3380 1796 3462 1856 est
3491 1794 3573 1854 propter
3594 1790 3739 1850 tempus
3775 1786 3850 1846 in
3871 1782 3996 1842 quo
4024 1778 4107 1838 sit
4149 1777 4274 1837 Etas
4301 1776 4384 1836 eciam
4399 1777 4454 1837 ag

3160 1918 3330 1978 gravat
3360 1914 3376 1974 /
3391 1912 3468 1972 quia
3491 1908 3776 1968 mventus
3807 1898 4146 1958 propternalem
4161 1894 4207 1954 per
4222 1892 4438 1952 nitatem

3180 2031 3251 2091 ad
3266 2027 3463 2087 malum
3495 2024 3558 2084 et
3589 2023 3676 2083 propter
3692 2018 4054 2078 ignorantiam
4085 2008 4220 2068 rois
4243 1995 4479 2055 fatuitems

3179 2146 3238 2206 et
3272 2148 3338 2208 in
3357 2144 3708 2204 expergenciam
3735 2132 3814 2192 in
3821 2126 3946 2186 ceratis
3980 2116 4132 2176 peccatis
4165 2108 4297 2168 minus
4317 2102 4482 2162 peccat

3198 2264 3435 2324 quam
3477 2254 3660 2314 senium
3700 2245 3972 2305 eondicio
4012 2238 4141 2298 eciam
4182 2231 4452 2291 aggruat

3190 2369 3272 2429 quia
3287 2363 3559 2423 sacerdos
3582 2357 3642 2417 et
3672 2353 3966 2413 religiosi
3996 2348 4170 2408 gravius
4200 2342 4426 2402 peccant

3209 2482 3349 2542 cetis
3369 2476 3578 2536 peribus
3612 2472 3675 2532 in
3696 2469 3884 2529 edem
3911 2466 4044 2526 peccato
4072 2463 4196 2523 qua
4231 2459 4461 2519 secularens

3165 2598 3225 2658 et
3255 2594 3512 2654 precipue
3542 2591 3631 2651 propter
3647 2584 3993 2644 standalum
4016 2574 4083 2634 et
4113 2564 4324 2624 malum
4346 2551 4414 2611 exe
4429 2542 4504 2602 um

3195 2718 3354 2778 Mora
3390 2716 3520 2776 eciam
3556 2711 3816 2771 aggunat
3837 2704 3844 2764 /
3859 2701 3924 2761 quia
3946 2694 4133 2754 longa
4162 2681 4436 2741 permanetur

3165 2827 3243 2887 in
3251 2828 3392 2888 peccato
3416 2828 3683 2888 agguat
3714 2825 3753 2885 se
3770 2821 3958 2881 peccatum
3982 2815 4083 2875 sicut
4100 2810 4201 2870 ira
4233 2801 4516 2861 contimata

3173 2940 3287 3000 diu
3311 2940 3539 3000 gravior
3571 2940 3652 3000 est
3685 2938 3750 2998 qued
3766 2938 3823 2998 si
3855 2933 4034 2993 meri
4058 2929 4164 2989 tempore
4188 2921 4360 2981 fuisset
4376 2908 4578 2968 vrebita

3187 3052 3251 3112 in
3275 3052 3380 3112 animo
3397 3050 3501 3110 sicut
3525 3050 3574 3110 si
3606 3048 3864 3108 tenetur
3881 3046 3929 3106 per
3945 3043 4212 3103 menfem
4236 3034 4438 3094 graveor
4470 3024 4582 3084 esset

3175 3165 3401 3225 quaimi
3429 3161 3486 3221 si
3522 3158 3699 3218 solum
3720 3154 3769 3214 per
3790 3150 3960 3210 diem
3981 3148 3995 3208 /
4009 3146 4067 3206 et
4095 3144 4179 3204 sic
4215 3142 4265 3202 in
4272 3140 4554 3200 tellignu

3198 3282 3273 3342 est
3307 3281 3327 3341 /
3341 3280 3410 3340 de
3416 3278 3581 3338 aliis
3608 3271 3771 3331 peccatis
3799 3267 3812 3327 /
3826 3266 3880 3326 et
3907 3259 4092 3319 valde
4126 3253 4330 3313 cautum
4365 3252 4406 3312 et
4419 3252 4528 3312 hoc

3182 3396 3233 3456 ex
3275 3396 3453 3456 peiteie
3487 3393 3556 3453 in
3573 3386 3861 3446 confessione
3905 3372 4159 3432 precipue
4185 3362 4270 3422 quia
4296 3356 4593 3416 difficultu

3206 3510 3257 3570 te
3302 3508 3359 3568 a
3392 3504 3551 3564 tam
3597 3498 3718 3558 di
3769 3493 3878 3553 mnisi
3910 3486 4127 3546 sepiuis
4159 3480 4237 3540 ho
4262 3474 4422 3534 iuste
4454 3471 4467 3531 /
4480 3470 4531 3530 et

3190 3619 3243 3679 pre
3273 3615 3380 3675 hoc
3411 3611 3503 3671 dicit
3533 3606 3732 3666 dugustis,
3755 3600 3931 3660 vhsup
4007 3593 4305 3653 Consideret
4352 3588 4551 3648 quantum

3197 3728 3250 3788 per
3265 3726 3577 3786 seveavit
3631 3719 3692 3779 et
3722 3714 3959 3774 defleat
3997 3708 4057 3768 quod
4074 3706 4134 3766 per
4149 3699 4500 3759 severanter

3207 3838 3503 3898 peccavit
3542 3832 3555 3892 /
3581 3828 3819 3888 anotus
3838 3824 3858 3884 id
3871 3823 3904 3883 est
3917 3821 4148 3881 intentio
4167 3815 4266 3875 scilicet
4279 3813 4391 3873 quo
4424 3808 4516 3868 fie¬

3202 3953 3354 4013 quis
3392 3945 3568 4005 peccat
3613 3940 3750 4000 qui
3780 3938 3964 3998 furatur
3986 3936 4078 3996 non
4108 3934 4352 3994 necessiarius
4367 3932 4390 3992 /
4397 3931 4534 3991 quan

3187 4067 3322 4127 qui
3368 4063 3465 4123 est
3503 4059 3586 4119 in
3609 4054 3842 4114 necessitate
3879 4047 4097 4107 aliquatili
4112 4043 4127 4103 /
4150 4042 4255 4102 licet
4270 4040 4360 4100 neon
4383 4038 4578 4098 exiria

3201 4190 3254 4250 et
3284 4181 3457 4241 graius
3487 4174 3607 4234 qui
3631 4169 3803 4229 sudter
3826 4167 3894 4227 ut
3939 4162 4286 4222 dapnifficet
4301 4151 4497 4211 proxium

3213 4296 3414 4356 quam
3454 4290 3582 4350 qui
3615 4288 3796 4348 furatur
3816 4286 3990 4346 divitat
4037 4283 4104 4343 ut
4131 4280 4231 4340 sub
4265 4273 4479 4333 veniat

3222 4413 3434 4473 paupere
3479 4409 3562 4469 stest
3577 4408 3629 4468 per
3644 4406 3826 4466 metum
3863 4403 3932 4463 in
3939 4401 4052 4461 teru
4090 4397 4188 4457 potest
4210 4392 4278 4452 in
4285 4387 4474 4447 ducens

3229 4531 3410 4591 causa
3439 4528 3453 4588 /
3468 4528 3526 4588 et
3562 4524 3837 4584 movens
3874 4521 3939 4581 ad
3953 4517 4192 4577 peccapitadim
4207 4513 4229 4573 /
4243 4510 4308 4570 quia
4329 4503 4496 4563 graimus

3222 4652 3404 4712 peccat
3453 4646 3579 4706 qui
3607 4642 3803 4702 nulla
3866 4636 3943 4696 he
3964 4632 4146 4692 cuuisa
4202 4619 4496 4679 furandi

3193 4762 3277 4822 ut
3311 4760 3522 4820 dives
3556 4760 3700 4820 qui
3735 4760 3835 4820 non
3861 4759 3946 4819 habet
3963 4756 4165 4816 causam
4192 4752 4208 4812 /
4225 4749 4386 4809 quam
4403 4736 4597 4796 pauper

3194 4882 3331 4942 qui
3376 4877 3644 4937 aliquam
3682 4876 3888 4936 causam
3926 4876 4010 4936 habet
4025 4876 4041 4936 /
4071 4876 4231 4936 giliter
4262 4873 4391 4933 qui
4421 4867 4619 4927 graviter

3230 5017 3505 5077 tempta
3561 5011 3710 5071 minus
3741 5008 3938 5068 peccat
3969 5004 4135 5064 quam
4158 4999 4269 5059 qui
4284 4997 4340 5057 se
4379 4990 4615 5050 scimulat

3242 5147 3308 5207 et
3338 5142 3602 5202 puenit
3647 5132 3971 5192 temptacionem
4014 5124 4147 5184 Unde
4169 5119 4242 5179 dicit
4294 5112 4500 5172 Auginus
4529 5106 4603 5166 ve¬

3225 5271 3378 5331 supra
3427 5265 3750 5325 Consideret
3782 5252 3936 5312 quanta
3976 5241 4220 5301 victus
4244 5233 4325 5293 sit
4357 5227 4607 5287 inpung¬

3232 5407 3438 5467 nacene
3477 5402 3615 5462 sut
3654 5396 3772 5456 enim
3792 5388 3998 5448 quino
4018 5379 4165 5439 solum
4194 5375 4284 5435 non
4303 5374 4490 5434 vicit
