5166 6845
586 1238 1942 1354 ciliacionis / et misericordie Et propter hoc in foro
596 1354 1920 1478 seculari ut appareat causa dampnacionis
588 1464 1948 1612 iusta inducuntur dampnandi ad publicam
598 1594 1938 1736 confessionem / econverso est in foro misericordie ne
590 1738 1916 1856 appareant non reconciliandi indutum
602 1866 1962 1978 est in privato confiteri / 3o ex parte con¬
616 1996 1938 2090 fessionis qui sedet ibi vice dei / tamquam
594 2120 1912 2216 mediator inter hominem et deum cui
628 2236 1898 2340 solum peccatum notum est / eciam si omnino
616 2356 1932 2468 occultum / et qui hoc non publicabit
600 2466 1990 2588 nisi in extremo iudicio / et quamvis verecun¬
602 2596 1996 2712 dia publica esset maior / tamen vix vel nunquam
610 2712 1980 2830 hominis gravia peccata publice confiterentur
588 2834 2034 2956 Vel si confiterentur talis tamen verecundia vix esset
614 2956 1964 3070 tolleranda propter mala predicta / quidquid ergo modo
618 3078 2026 3190 in predictis vel in parte omisimus iam sciamus
610 3204 1952 3310 / ut faciamus et hoc sacramento penitencie tempore /
626 3316 2012 3420 mundemus / conscienciam / veram confessionem et /
634 3446 2044 3539 vitam nostram elemosinarum largicione Nam ut
630 3550 1994 3649 dicit Ambrosius in sermone 2o de samari¬
630 3670 2016 3771 tana Elemosina extiguit peccata / Sicut aqua
646 3775 2000 3879 baptisimi Iehenne extinguit incen¬
634 3898 2060 4005 dia Elemosina est quod aut modo lavarum animarum / ut
652 4010 2044 4125 si quis post baptismum deliquid elemosinarum largi¬
646 4125 2084 4237 cione mendetur sicut dicit dominus / date elemosinam
636 4246 1964 4356 et omnia munda sunt vobis Luce xi
644 4364 2068 4476 Et subdit ut salva fide dixi enim Elemosina
650 4480 2008 4592 indulgencior est quam baptismum / qui solum
666 4604 2000 4712 semel veniam promittit Elemosinam autem quo¬
636 4729 2012 4832 ciens feceris / tociens veniam promereberis
648 4858 2010 4948 In hiis ergo diebus ecce presto sunt
658 4970 2016 5066 pauperes hospitalis huius quorum regnum
668 5092 2042 5177 est celorum / abscodamus elemosinam
648 5198 2044 5287 in sinum eorum / et ipsi pro nobis orabunt
658 5304 2074 5393 ad dominum / Ecce fratres nostri / et proximi / ecce
638 5406 1996 5491 multi forte in ultima neccessitate / quomodo
2310 1194 3668 1302 ergo unus fratrem exultat in sericis et
2304 1322 3728 1424 frater suus est nudus / Unus in calida stu¬
2320 1440 3702 1545 ba estuat et sudat / alter frigore perit /
2336 1554 3708 1667 Iste plenus est cibo croceo / ille famem
2312 1670 3772 1792 patitur Si enim dominus ut inquid Ambrosius in quodam
2332 1792 3768 1904 sermone de nativitate domini pauperes in regno
2314 1915 3740 2025 celorum nobis voluit esse consortes / cur
2306 2025 3746 2143 nobis non sunt / in substancia terrena consortes
2302 2150 3706 2262 quomodo extranei sunt alimoneis / qui fratres
2348 2260 3726 2382 sunt sacramentis / Ex istis patet quod istis pauperibus
2332 2388 3770 2500 succurrere debemus primo ab eodem patre et matre
2316 2510 3728 2620 nobiscum descenderunt / 2o quod nobis similes sunt
2330 2625 3708 2741 in natura et nostra caro ysaie 58o cum
2338 2737 3712 2861 videris nudum operi eum / et carnem tuam
2334 2848 3724 2978 ne despexeris / 3o quia fratres et proximi
2338 2967 3752 3097 4to quia egentes et propter nostrum meritum deus
2334 3091 3722 3215 permisit eos sic egere / et ipsorum paciencia
2378 3216 3752 3338 Primo Iohannis 4to que habuerit substanciam huius
2342 3324 3742 3450 mundi / et viderit fratrem suum necessitatem
2338 3436 3788 3574 habere / quomodo caritas domini manet in eo vi¬
2344 3560 3784 3690 deant qui eorum bona retinent an sind
2348 3681 3782 3805 digni morcium / quod propter non dacionem cicius
2356 3795 3794 3915 moriuntur Quinto quia quidquid uni ex istis fe¬
2346 3928 3784 4050 cerimus / Cristo fecimus Mt 25 2 ne quis
2354 4045 3796 4175 ab elemosina propter pauperes excusaret / hoc levi
2366 4151 3778 4285 precepto diluit / dicit glosa super infrascripto Mt 10
2370 4264 3820 4406 quicumque potum dederit uni ex istis calicem
2374 4392 3828 4532 aque frige / tantum in nomine discipuli Amen
2374 4514 3802 4654 dico vobis  / non perdet mercedem suam
2356 4632 3814 4779 glosa quam ex bono affectu meruit pocius
2376 4744 3814 4895 quam ex actu / et si istud non potes glosa
2404 4866 3930 5016 super isto psalmo Iustus miserebitur et retribuet
2376 4999 3798 5134 das verbum consolacionis vel oracionis / 6to quia
2372 5119 3828 5226 ex eorum meritis ad eternam recipiemur taber¬
2386 5225 3748 5353 nacula / sicut docet salvator luce / primo
2396 5351 3838 5463 facite vobis amicos de mamona in¬
