5166 6845
640 1265 1989 1300 dileccionis sue posteritatis sibi iuste per
638 1397 1989 1428 heliam comminatas per humiliacionem sui a po
652 1489 2020 1586 deum auffugit 3o regum 21 Ut ergo nos
656 1655 2027 1690 rei exemplo istorum memoramur misericordiam con¬
644 1739 1996 1836 sequi / confugere debemus ad confessionem / et
642 1909 1994 1940 ad iudicem / ibi / misericordiam reportabimus sentenciam
642 1989 2006 2096 absolutoriam de quibus dicendum erit
626 2121 1688 2241 Pro gracia dicamus Ave maria etc.
920 2236 2012 2329 isum est in precedentibus de tempore
988 2346 2040 2437 quo peccator / teneatur confiteri
940 2458 2024 2555 iuxta hoc pro presenti videndum erit
644 2572 2022 2711 de modo confitendi / quia dictum est sermone
674 2725 2054 2796 4to quod quilibet tenetur quodlibet peccatum mortale
669 2837 2020 2916 a se commissum de quo recordatur / et de
658 2919 2056 3054 quo non est prius rite confessus et absolutus
674 3045 2012 3167 confiteri / non est tamen dictum an hoc sufficiebat
670 3165 2036 3289 in communi dicendo / ego fui ebruis / ego vio¬
676 3296 2008 3406 savi alienum thorum per adulterium / vel in
670 3406 2010 3512 quis teneatur quodlibet confiteri in speciali
653 3557 2028 3610 Ideo dubitatur primo an peccator teneatur quodlibet
700 3669 2040 3726 peccatum suum mortale confiteri distincte et in et in particulari
691 3811 2028 3848 Ad hoc dicit allexander de hallis 4te parte 4ta
684 3891 2068 3987 in materia de confessione / quod omnia peccata
682 4012 2058 4104 mortalia / que homo prius rite non est con¬
678 4127 2020 4219 fessus / cum circumstanciis in aliud genus
670 4291 2030 4313 peccati trahentibus s. s. que sunt contra specialia pre¬
696 4373 2056 4464 cepta / quantum ad vices et numerum sunt con¬
682 4499 2028 4598 fitenda singulariter et sigillatim / et hoc propter
686 4615 2050 4710 tres causas Quarum prima est ex parte con¬
690 4735 2090 4830 fitentis / peccator enim per quodlibet peccatum mortale
692 4855 2036 4948 avertit se a deo / et quodam modo superbit contra
690 4969 2052 5066 deum ideo congruum est quod eciam tociens se a¬
692 5087 2052 5188 vertata ad deum per humilitatem et verecun¬
688 5211 2074 5312 diam et dileccionem erga deum / Hoc autem
678 5337 2048 5443 non fit nisi per distinctam et particularem
2368 1208 3778 1302 confessionem peccati in iudicio dei apud con¬
2362 1330 3770 1422 fessorem / et propter hoc tenetur quis confiteri
2364 1497 3762 1531 peccatum suum quodlibet in particulari Secunda causa est
2354 1582 3754 1678 ex parte sacerdotis confessoris Sacerdos enim
2362 1698 3750 1801 tamquam iustus iudex debet iniungere penitenciam
2382 1830 3790 1926 iustam confitenti / deuteronomii 25o secundum quantitate
2370 1958 3772 2047 derelicti erit plagarum id est penitencie modus super
2370 2074 3820 2173 singulis peccatis / Sed talis confessor non potest tax¬
2376 2199 3792 2287 are quantitatem salubris / penitencie nisi sciat
2370 2316 3778 2412 qualitatem et quantitatem culpe cuiuslibet commisse
2378 2434 3794 2528 Sed ista gravitas non potest innotesci sacerdoti
2400 2552 3792 2648 nisi de singulis peccatis fiat confessio in particulari
2386 2672 3794 2764 Tercia causa est ex parte status nunc enim sumus
2374 2790 3786 2886 in lumine gracie / et in tempore gracie et ideo sicut in
2370 2914 3844 3014 lumine / nichil absconditur / sic nec in confessione
2384 3035 3812 3119 debet aliquid occultari / Ocultaretur autem aliquomodo
2378 3152 3792 3240 peccatum / si confessio fieret tantum in generali / Hoc ex¬
2410 3272 3786 3366 presse dicit magister distinccione 21 4ti ubi querit an pro¬
2414 3389 3804 3483 sit confessio ubi singula peccata que quisque
2418 3506 3736 3597 fecit non exprimuntur Et respondet / sane potest
2388 3626 3832 3718 dici / quod omnia criminalia sol saltim in confessione
2404 3746 3788 3838 oportet exprimi / nisi aliqua a mente ceciderunt
2378 3864 3840 3956 Sed quia delicta nemo intelligit / omnia generaliter
2406 3986 3784 4076 salium ea confitere / quorum memoriam non
2406 4104 3816 4196 habes et sic nichil celasti de sceleribus tuis
2388 4218 3850 4314 Et probat hoc per Augustinum dicentem veritatem
2398 4342 3812 4428 dicit deo penitens / quando nichil illi de commissis
2424 4466 3828 4556 sceleribus celat / nam eciam si quod voluntarie
2420 4588 3808 4679 celaverit / deus ignoret / sed veritatem dicit sibi
2402 4704 3830 4791 et hoc si vult ab eo ut veniam consequatur
2420 4820 3852 4920 si vero a mente aliqua exciderint con¬
2432 4933 3810 5031 fiteatur veritatem deo / cum generaliter dixit deus
2418 5046 3810 5153 quis noscis occulta cordis et opera mea
2422 5157 3854 5261 et delicta a te non sunt abscondita / quibus
2426 5269 3830 5369 rogo veniam largiaris / Et hoc est veritas
2422 5386 3890 5486 confitentis quam deus diligit / Hec Augustinus
