5166 6845
622 1153 1946 1276 Est eciam error in qualitate quantum aliquis
634 1283 1988 1398 vescitur speciei talis aut conplexionis
616 1409 1974 1522 qualis sibi non congruit Verbi gracia
618 1529 1946 1642 ut cibo nimis calido virtualiter aut
636 1649 1964 1764 nimis frigido / aut putredo aut infecto
614 1761 1930 1882 et huiusmodi et similiter de vendentibus / 3o quando
626 1885 1976 2006 vescitur homo cibo sue condicioni aut
642 1987 2016 2124 statui inproporcionato / ut si puer comedit
634 2113 2008 2256 carnes grossas / et cibos solidos senum
634 2247 1940 2376 aut econverso Unicuique enim statui debetur
622 2371 1962 2498 cibi / et potus propria quantitas et qua¬
642 2495 1922 2608 litas et mensura / Ut unusquisque
640 2616 1948 2728 possit expedite in operaciones sue sta¬
644 2737 1948 2839 tui debitas / et sic alia quantitas
658 2849 1948 2961 convenit laicis alia laborantibus Hic ad¬
640 2964 1992 3078 vertant qui pueris suis dant vinum et
642 3075 2012 3202 carnes delicatas / et sic sunt occasio
644 3201 1940 3320 destruccionis eorum / 4to erratur quando aliquis
670 3324 1964 3442 sumit cibum prohibitum / sicut erravit / primus
666 3448 1964 3548 parens / et hodie multi errant qui 40li
652 3559 2036 3684 tempore sine necessitate comedunt ova et lacticina
644 3694 2058 3793 5to eciam quando simul summuntur cibi quorum unus
594 3819 1968 3922 impedit digescionem alterius / quia sunt
650 3947 2008 4048 contrarii Et similiter quando superior est digestus
650 4063 2014 4160 inferior adhuc est crudus / et sic
672 4175 2000 4284 superior putrefit in stomacho Unde dicunt
658 4305 2022 4414 medici ex dicto galieni / quod nichil tantum
668 4431 2028 4528 naturam debilitat sicut distraccio eius ad di¬
664 4554 1972 4650 versa Hoc autem maxime fit quando natura
670 4674 1962 4770 iam ad frigidos iam ad calidos iam ad
658 4793 1976 4894 grossos iam ad subtiles se convertit scilicet cibos
684 4917 2060 5008 simul in stomacho confusos / et ista est multa
650 5041 2016 5132 causa multorum morborum / et ultimate
662 5153 2034 5254 nutrit aliquid unde generentur vermes
638 5277 2036 5380 ipsum tandem comestuitur Unde fertur a non¬
664 5393 2114 5492 nullis pithagoram et oviduium allegantibus
2322 1112 3672 1203 libro 12 ysidori ethimologiarum quod de me¬
2348 1232 3794 1329 dulla hominis mortui / que in spina dorsi /
2330 1346 3752 1445 est serpens generetur / qui forte cerebro devo¬
2352 1465 3732 1569 rato per oculos exeat reliquam carnem
2348 1595 3732 1685 depasturus Et propter hoc dicit Augustinus in de
2352 1715 3736 1808 conflictu viciorum et virtutum Sicut eger
2330 1826 3756 1927 ad medicinam sic adsumendas dapes debet
2314 1960 3756 2051 unusquisque accedere / nequaquam in istis voluptatem
2340 2084 3718 2177 appetens / sed necessitati succurrens Sed planum
2362 2200 3724 2297 est quod eger accipit cibum cum timore
2334 2330 3736 2429 et non querit ibi voluptatem / sic eciam homo debet
2366 2451 3728 2542 debet recipere cibum / dicit eciam si talis
2362 2568 3756 2667 dubitat quid superfluum quid necessarium / et si
2354 2694 3752 2795 gaudet de hoc tunc peccat / si tristatur
2338 2824 3762 2927 et non potest discernere nisi per graciam spiritualem
2354 2900 3804 3047 tunc dicimus quod non peccat Unde Augustinus 10mo
2364 3060 3820 3178 confessionum dicit Quod salutis satis est delectacioni
2374 3190 3726 3282 parvum et sepe incertum fit / utrum necessaria
2362 3292 3814 3402 corporis circa subsidium petant an voluptuo¬
2400 3414 3784 3527 sa cupiditatis fallam ministerium Ad hoc in¬
2372 3536 3802 3647 certum hilarescit infelix anima et in eo preparat
2362 3664 3860 3767 excusacionis patrocinium / gaudens non apparere
2378 3788 3792 3901 quod satis est moderacioni valitudinis / ut ob¬
2370 3908 3852 4031 tentu salutis obumbret / negocium voluptatis
2352 4030 3778 4139 Ita tamen supradicta sunt aliquando venialia peccata
2376 4153 3770 4268 precipue si circumstancie iste nesciuntur et
2400 4266 3732 4394 ignotantur Alii quando autem gravia peccata
2392 4390 3830 4508 Ideo ad maiorem declaracionem / vidende sunt
2412 4524 3732 4635 species qule quas posui supra in principio
2408 4644 3846 4751 que summuntur secundum omissionem et defectum circum¬
2422 4760 3800 4856 stanciarum ... que requiruntur in virtute
2400 4870 3786 4980 abstinencie et actus eius / et sunt contente
2382 4992 3802 5092 isto versu r propropere laute nimis
2388 5105 3806 5214 ardenter studiose / prima ergo species est
2390 5232 3812 5343 quando ante debitum tempus aut horam summitur
2390 5362 3816 5469 cibus aut potus sine racionali causa / solum
