5166 6804
1362 1058 2830 1162 quod in psalmo dicitur Quoniam iniquitatem meam
1366 1178 2754 1274 ego anuncciabo et cogitabo pro peccato meo /
1364 1296 2868 1394 libens id est voluntaria / non coacta / actus enim
1358 1414 2808 1512 virtutum debent esse voluntarii / ex quo deo
1362 1540 2824 1635 non placent coacta servicia / sicut fuit confessio
1366 1670 2756 1771 Achyor ffili confitere peccatum ituum / et sic
1378 1798 2810 1899 fuit coactus / quia furti fuit deprehensus /
1346 1930 2798 2029 quod ipse in expungnacione iericho / occultavit
1356 2055 2786 2160 de spoliis regulam auream / Iosue 7o Ideo dicitur
1344 2179 2790 2280 in psalmo Voluntarie sacrifficabo tibi et con¬
1374 2301 2774 2396 fitebor nomine tuo / verecunda ut cum rubore
1334 2426 2790 2521 proponat ut non glietur / scilicet se non iactet
1344 2548 2792 2641 de peccatis suis / propter aliquam seculi vanitatem
1354 2674 2780 2769 annixtam Integra / ut nichil taceat de
1370 2807 2792 2893 peccatis / quia alias divideret confessionem / et in¬
1348 2923 2886 3023 curreret superbiam Nam dicit Augustinus in libro sentenciarum
1330 3042 2760 3143 prosperi et allegat magister distinccione 17 4ti Taciturni¬
1356 3162 2778 3262 tas peccati ex superbia nascitur cordis Ideo
1346 3286 2744 3376 enim peccatum suum quis celat / ne reputetur
1366 3402 2738 3498 foris / qualiter se iam domino prospectui exhi¬
1360 3524 2744 3627 buit / quod ex fonte superbie nascitur Species
1338 3642 2744 3759 enim superbie est / se velle iustum videri qui
1326 3764 2786 3881 peccator est / atque yppocrita convincitur / qui instar
1330 3884 2722 4001 priorum ꝑntu / vel verborum suorum peccata sua
1358 4010 2822 4119 levigare contendit / vel sicut cayn peccata sua
1332 4132 2716 4233 recitando supprimere querit Unde dicit psalmista
1320 4258 2810 4352 psalmo 31 Quoniam tacui inveteraverunt ossa mea
1310 4372 2778 4476 glosa honorii tacui in confessione invetera¬
1314 4485 2742 4604 verunt etc. id est virtutes in peccatis quia homo in¬
1322 4603 2710 4720 veteratur id est in vetustate consumitur / qui peccata
1322 4722 2754 4841 confiteri differt / quia a bona vita deficit / se¬
1308 4850 2748 4958 creta quantum ad condicionem fori / in quo de
1326 4976 2684 5070 occultis agitur Unde dicit Crisostomus Non
1306 5100 2698 5217 dico ut prodas te in publicum / neque apud
1306 5238 2674 5337 alios te accuses / sed obedire te volo
3158 1075 4530 1192 prophete dicenti Revela domino viam tuam
3164 1197 4643 1308 lacrimibilis id est dolens de peccato commisso / sicut david
3152 1299 4542 1417 6to in psalmo dixit lavabo per singulas noctes
3144 1422 4554 1538 lectum meum lacrimis meis stratum meum ri¬
3154 1543 4586 1662 gabo Super quo honorius / Noctes sunt tenebrose
3156 1669 4506 1774 acciones sive peccata per singulas ergo noctes
3146 1789 4612 1892 lectum lavat / qui per singulas acciones / per voluptatem
3138 1921 4550 2034 carnis commissas fonte lacrimarum purgat
3144 2031 4508 2152 Stratum vero significat tumulum peccatorum a simili / sicut
3138 2147 4530 2264 stratum est multitudo scipularum / stratum ergo
3132 2263 4506 2384 ut agrum salubri ymbre rigat / qui cumulo
3134 2394 4538 2496 peccatorum lacrimas infundere non cessat / ut
3140 2508 4496 2602 in novam segetem virtutis crescat / et sic
3140 2631 4565 2730 fit in vera penitencia et confessione Accelerata
3142 2751 4550 2850 ne scilicet nimis diu differatur / ut patet sicut debet esse
3118 2875 4502 2971 frequens ffortis ut scilicet propter verecundiam non
3118 2995 4526 3085 dimittat aliquid / sed imperterrite inmobiliter
3114 3111 4472 3206 operetur istum actum virtuosum Accusans quia
3106 3231 4554 3348 de occultis confessor non sciret consulere / neque
3112 3347 4470 3468 iudicare / ideo debet esse accusans id est accu¬
3106 3465 4586 3588 satoria / non excusatoria quia dicitur proverbiorum
3122 3594 4478 3700 18 Iustus in principio accusatur est sui Et
3090 3712 4530 3804 in psalmo dixi glosa id est aput me deliberavi
3100 3833 4496 3924 Confitebor adversum me iniusticiam
3106 3953 4458 4044 meam domino / et tu remisisti parere parata /
3106 4069 4506 4164 scilicet ad suscipiendam penitenciam iniunctam / sed iste
3106 4199 4458 4290 ultime condiciones / scilicet / quod sit frequens / et
3126 4316 4450 4412 sit accelerata / et quod quis sit paratus hic
3090 4433 4466 4530 assummere penitenciam / est consilium laudabile et
3076 4551 4524 4662 non preceptum / nisi in certis casibus occur¬
3092 4674 4444 4775 rentibus / de quibus dicam infra / et he
3082 4792 4464 4885 autem condiciones necessarie si debet fieri laudabiliter
3084 4911 4492 5002 Unde prout confessio est actus virtuosus /
3092 5017 4504 5120 tunc ad eam requiruntur 4or ut dicit aristoteles
3062 5154 4514 5246 ethicorum 2o scilicet quod scienter agat / et quantum
3068 5275 4508 5369 ad hoc dicitur discreta / 2o ut eligens et volun¬
