5166 6845
600 1212 1966 1355 non oportet iterum confiteri priora Adducunt
592 1342 1978 1481 adhuc / Augustinum in libro de penitencia et habetur
580 1461 1938 1603 de penitencia distinccione 3a dicente / Si apostolus eciam
576 1579 1930 1725 peccata per baptismum dimissa cottidie plorat
594 1701 1962 1847 Ro 7o nobis super fundamento apostolorum po¬
624 1840 1988 1972 sitis quid potest plorare restat quid nisi
620 1952 1930 2086 semper dolore in vita / Ubi enim dolor
608 2087 1956 2212 finitur deficit et penitencia Si autem penitencia
608 2217 1972 2328 finitur / quid relinquitur de venia / tamen Stotus
598 2341 1960 2451 dicit quod nullus teneatur penitenciam iniuncta
628 2457 2012 2575 suscipere / sed posset eam differre solvendo
618 2581 2048 2705 in purgatorio / licet hoc valde incautum
604 2707 1996 2833 esset / quia hortendum est incidere in manus
622 2837 1974 2951 dei omnipotentis / et iusti iudcis Et sic
626 2980 1974 3075 eciam ex precepto / nullus tenetur propter hoc con¬
656 3096 1950 3193 fessionem iterare / licet sanum esset consilium
662 3217 2010 3327 propter suscipere debitam satisfaccionem pro peccatis Idem
646 3344 2002 3453 enim opus ad quod quis se astringit deo /
646 3472 1958 3569 est magis meritorium / quam si quis hoc /
642 3597 2022 3703 voluntarie / et sine iniuncto proficeret sicut
640 3719 2050 3833 magis sunt meritoria opera / que fiunt ex
648 3847 2026 3959 voto / quam sine voto / forte tamen diceretur
628 3985 2036 4084 quamvis non teneatur quis penitenciam assumere /
638 4111 2008 4215 tamen non debet eam spernere contempnere / quia iste
634 4239 2034 4341 contemptus esset sibi grave peccatum Sed d. si
640 4379 2032 4471 oblitus sum de aliquo peccato gravi / et post
640 4505 2028 4605 confessionem occurrat / an teneor totam con¬
682 4629 2040 4720 fessionem iterare / Respondent doctores communiter
652 4745 2038 4844 quod non / et hoc si voluntarie non est oblitus /
686 4871 2056 4973 sed sufficere sic confiteri / quando alias confite¬
676 4996 2060 5097 bar / de isto fui oblitus / nec ex hoc divi¬
668 5127 2030 5231 sit confessionem / Ymo si eciam alteri confitetur
650 5261 1980 5365 Si autem hoc voluntarie faceret secus esset
656 5381 2044 5503 ut patet ex dictis prius Sextus casus posset
2312 1190 3738 1298 poni in quo quis tenetur confessionem iterare
2314 1316 3696 1430 ut si actu peccat / scienter quando confitetur verbi gratia
2302 1456 3788 1560 Si quis scienter absolute confiteretur aliquod peccatum
2332 1590 3700 1694 de quo si constat quod non fecit / iste peccat de¬
2324 1718 3720 1822 novo menciendo / et ferendo contra se ipsum
2346 1835 3690 1945 falsum testimonium / contra illud preceptum exodi 2o
2290 1953 3700 2077 Non dicas contra proximum tuum falsum testimonium
2338 2082 3720 2224 Hoc eciam patet per Mm distinccione xxi 4ti dicet
2326 2230 3734 2344 Sicut autem penitens non debet celare peccatum / quia
2348 2350 3768 2476 superbia est / ita nec humilitatis causa fateri
2356 2476 3776 2604 se reum quod se non commisisse noscit quia in¬
2342 2601 3800 2730 cauta est talis humilitas et peccatorem constituit
2342 2727 3756 2846 Et probat hoc per Augustinum dicentem Cum
2336 2852 3756 2978 humilitatis causa mentiris / si non eras peccator
2326 2984 3716 3098 antequuam mencieris menciendo efficieris
2334 3122 3738 3228 quod vitaveras veritas / in te non est Nisi
2338 3244 3772 3352 ita dixeris te esse peccatorem Ut esse eciam
2364 3370 3712 3486 cognostas veritas autem ipsa est / Ut quod
2360 3496 3716 3620 os dicas Nam quomodo est veritas Ubi regnat
2364 3616 3804 3746 falsitas / Septimus casus posset dari ex dictis
2356 3752 3822 3874 Si quis vere confitetur / et sacerdos obaudivi¬
2398 3894 3756 4020 sset / vel quis dormitasset / vel quia interim
2364 4030 3814 4144 excreasset vel stermitasset talis propter hoc esset
2366 4163 3774 4270 obligatus iterare confessionem et precipue quando
2358 4287 3764 4386 hoc voluntarie et a proposito faceret Et similiter
2376 4412 3752 4523 quando obstare dicit peccata sua ita quod ea
2378 4532 3774 4647 confessor non intelligit Sicut multi
2388 4648 3826 4763 faciunt volentes confiteri adulterum dicunt
2386 4766 3810 4881 ego calcavi extra viam et non plus ex¬
2384 4903 3790 5008 primit vel notificat et sacerdos non inqui¬
2394 5023 3790 5132 rit talis confessio non sufficeret Octavus
2386 5147 3770 5247 casus si tempore confessionis vel confessor
2404 5255 3840 5363 vel confitens sint in maiori excommunicacione
2378 5380 3778 5490 / talis enim non post absolvere nec absolvi
