5166 6845
706 1148 2034 1312 sint sine pena / sed hoc est verum quantum
698 1304 2060 1426 ex parte temporis gracie / tunc cuilibet esset celum
712 1424 2088 1564 statim apertum Sed aliquando propter demeritum
718 1546 2098 1686 persone hoc inpeditur Et ideo Apostolus ex¬
722 1659 2050 1805 ponit amplius propheciam cum dicit Ecce nunc
720 1769 2064 1927 tempus acceptabile quasi diceret Ita dominus dixit
716 1892 2106 2054 tempore accepto etc. quia ecce nunc tempus acceptabile
738 2024 2056 2164 scilicet ad liberandum a malis glosa quo
722 2146 2094 2272 morbis spiritualibus salutaris medicina
736 2259 2110 2386 infunditur Ecce nunc dies salutis ad ad¬
750 2371 2100 2500 iuvandum in bonis Item ecce nunc tempus
738 2492 2134 2614 acceptabile propter oportunitatem merendi / et ecce
746 2584 2106 2732 nunc dies salutis quod utique sacramento
756 2720 2116 2850 ieiunii tempore convenit in quo datur laboran¬
758 2841 2120 2956 tibus virtus caritatis ne deficiat / caritas
738 2959 2090 3077 enim omnia sustinet prima Ad Corinthios 13o pung¬
748 3077 2172 3179 nantibus datur virtus fortitudinis ut vincant
774 3180 2116 3282 secundum illud psalmi precinxisti me virtute proficien¬
762 3284 2120 3398 tibus datur virtus strenuitatis ut s ascen¬
762 3402 2108 3511 dant sicut petit david in pslamo Multi¬
774 3518 2156 3628 plicabis in anima mea virtutem Vere peni¬
768 3632 2140 3748 tentibus datur virtus constancie ne re¬
782 3752 2136 3862 cidivent / sicut de iosia dicitur 4o regum 23o
778 3872 2152 3978 quod reversus est ad dominum in omni corde
794 3991 2164 4101 suo et in tota anima sua et in universa
798 4105 2148 4213 virtute sua etc. Unde subdit Nemini dantes
790 4233 2148 4332 ullam offensionem id est scandalum id est non
786 4340 2128 4456 sitis aliquem verbo vel facto scandalizantes / et sic
788 4470 2140 4576 ut ministerium vestrum nostri appostolatus vel pre¬
812 4584 2164 4688 lature / quia malum subditorum redun¬
796 4708 2194 4808 dat in malum prelatorum / Ubi dicit Ambrosius
806 4824 2140 4936 vituperetur eorum ministerium / si ea que verbis
810 4940 2180 5064 docebat operibus suis ut fierent exempla
820 5066 2150 5182 sua non dare ut / quidquid ergo predicamus
814 5182 2154 5300 contra dei precepta / hoc predicatores te¬
814 5310 2178 5417 nemur / primum facere sed in consiliis non oportet
818 5422 2192 5529 verbi gracia si quis predicat religiosis
2432 1144 3808 1258 quomodo deberent vivere sub regula sua
2448 1258 3818 1388 ex hoc non obligatur sub eadem vivere
2436 1382 3824 1509 vel sic nemini dantes quasi d. Vos non
2422 1507 3856 1622 debetis in vacuum graciam dei recipere / sed sic
2442 1641 3938 1755 ut ulli detis offensionem sicut dicitur primo Ad Corinthios
2432 1767 3840 1889 10 Sine offensa estote / et hoc sic non
2446 1893 3844 2015 vituperetur ministerium per vos nostrum quod utique
2484 2015 3806 2137 fieret / si vos male haberetis Quia ‧
2470 2137 3834 2267 ecclesiastici 22o dicitur Confusio patris est de filio
2458 2261 3908 2393 indisciplinato Unde subdit Sed in omnibus
2462 2399 3850 2521 exhibeamus quasi diceret / non solum ne¬
2458 2527 3926 2653 minem offendamus / sed pocius exhibeamus
2482 2651 3878 2773 nosmetipsos id est voluntarie offeramus
2474 2783 3878 2897 in omnibus sicut dei ministros / eciam si non
2494 2901 3964 3023 sumus ministri dei / in multa paciencia cordis
2490 3037 3916 3149 oris et operis / quia doctrina veri per pacienciam
2482 3163 3894 3273 noscitur proverbiorum 19o In tribulacionibus
2498 3285 3898 3397 Et tangit hic quinque genera tribulacionis
2470 3403 3882 3519 Tribulacio enim provenit aut ex defectu
2498 3523 3970 3637 boni / et sic est necessitas / scilicet victus et vestitus
2506 3645 3920 3767 vel in illacione mali / et sic est in anima
2498 3768 3940 3888 et sic est angustia id est cum cura animi et ti¬
2510 3890 3914 3999 more vel in angustiis evadendi pericula
2498 4006 3926 4122 aut in corpore sic est plaga / et verberibus
2528 4135 3906 4249 corporis / quia fuit frequenter flagellatus /
2522 4259 3906 4372 ut patet 2o ad corinthios 11o Aut in corpore et anima
2540 4373 3974 4500 simul / et sic est carcer / fuit enim incar¬
2506 4493 3934 4617 ceratus ut non posset discurrere ad pre¬
2526 4619 3964 4740 dicandum Actuum 16o Aut in causa / et sic
2536 4749 3952 4864 est sedicio id est coniuracio populi / que sepius
2530 4860 3978 4983 excitatis / ab adversariis pauli / ut patet actuum
2546 4987 3918 5119 17o et 19o Et nichilominus debemus esse ‧
2546 5107 4008 5239 pacientes hoc tempore in tribulacionibus quibus¬
2544 5224 3974 5365 cumque / sed eciam debemus bene operati / ita ut
2542 5342 4004 5495 propter dei gloriam utamur parcius verbis cibis
