5166 6804
1540 1069 2946 1170 quod ex quinque causis contingit quem a cibo
1548 1191 2934 1288 abstinere et quandoque laudabiliter / et virtuose
1544 1305 2960 1410 / et quandoque viciose etc. ubi supra in precedenti
1560 1440 2912 1535 sermone / Deinde sequitur illud Quod autem
1560 1546 2924 1647 abstinencia sit virtuosa et laudabilis
1564 1677 2904 1776 patet quia multa bona affert ipsi homini
1538 1791 2886 1892 / et de illi bonis et fructibus vide
1526 1919 2324 2007 eciam prius de ieiunio etc.
2324 1921 2864 2005 De gula
1844 2029 2914 2109 Unc consequenter de gula videndum
1906 2139 2986 2232 est isto tempore sacro / quia secundum gregorium
1874 2253 2958 2358 3o moralium / multi sepe magna
1538 2389 2886 2474 faciunt / sed dominante vicio gule in eis
1526 2495 2880 2582 per carnis illecebras omne quod fortiter
1546 2613 2872 2706 egerunt / perdunt quia per carnis concupiscenciam
1542 2731 2872 2828 cuncte virtutes obruuntur Et quia optimum
1514 2847 2942 2954 remedium contra gulam est ieiunium dixi
1500 2965 2930 3072 proximo de ieiunio de quo dicit Augustinus super
1528 3093 2906 3200 Iohannem Ieiunium magnum et generale est
1534 3219 2892 3316 abstinere ab iniquitatibus et illicitis
1514 3335 2860 3438 voluptatibus seculi quod est perfectum ieiunium / et
1544 3455 2914 3558 in hoc seculo quasi 40mam celebramus
1514 3573 2910 3690 abstinencie cum bene vivimus / dum scilicet ab ini¬
1538 3693 2956 3798 quitatibus et illicitis voluptatibus abstinemus
1536 3815 2914 3916 et habetur de confessione distinccione 5ta Ieiunium Ideo
1510 3941 2946 4042 ad fugiendam gulam per ieiunium et abstinen¬
1516 4067 2910 4164 ciam videndum est modo de gula Pro quo
1508 4197 2940 4288 notandum quod circa sumpcionem ciborum et potuum
1504 4315 2858 4415 contingit / superhabundare et deficere
1526 4440 2858 4538 recedendo a medio virtutis temperancie
1510 4557 2854 4645 Verbi gracia Si quis comedit aut vult
1498 4667 2904 4770 comedere / sive bibere quando ubi et quantum
1496 4802 2872 4895 oportet propter deum est virtus temperancie si autem
1508 4912 2876 5011 plus / vel quando non oportet tunc est vicium
1504 5045 2848 5132 gule / et si minus quam deberet tunc est aliud
1486 5165 2900 5258 peccatum quod non habet nomen sibi inpositum
1488 5291 2848 5376 sed vocamus insensibilitatem Potest autem gula
1474 5403 2878 5486 actualis sic diffiniri Est inmoderata
3306 1087 4656 1211 animalis comedendi / vel bibendi propter
3294 1219 4638 1329 concupiscenciam cibi aut potus delectabilis
3300 1353 4696 1457 aut ipsius delectacionis / vel inmoderatus
3302 1477 4638 1581 esus vel potus exterior ab interiori
3290 1607 4626 1711 inmoderata imperatus Et dico primo
3282 1741 4654 1841 animalis / quia fames et sitis non est gula
3314 1862 4626 1969 ut post infirmitates precipue / quia non est
3296 1982 4666 2089 aialis / sed pocius appetitus naturalis
3284 2101 4634 2208 nec subicitur racioni / dixi inmoderata
3300 2214 4656 2325 quia moderata appeticio / quando et ubi oportet
3280 2326 4654 2449 pertinet ad virtutem temperancie / dico eciam
3284 2460 4628 2565 propter concupiscenciam / quia si quis plus comedit
3308 2589 4672 2689 quam oportet / vel prius non propter hoc ad gulam
3328 2715 4620 2815 sed ad quandam inpericiam / similiter si fiat
3306 2842 4646 2938 causa caritatis aut amicorum / nec est
3306 2956 4662 3048 semper peccatum / quia non potest ab homine semper
3280 3073 4696 3181 vitari Unde dicit Augustinus 10 confessionum
3272 3197 4644 3305 Quis est domine qui aliquantulum extra
3286 3323 4700 3415 metas necessitatis cibum non sumitur Et ibidem
3270 3443 4662 3539 cra crapula michi non numquam surrepsit
3284 3569 4608 3669 servo tuo misereberis / ut longe fiat
3278 3697 4602 3797 a me Et gregorius 9o moralium in fine dicit
3298 3817 4612 3913 Curandum itaque necesse est ne autem
3286 3935 4648 4028 necessitatis metas / cura carnis transeat
3282 4047 4620 4144 aut in eo quod moderate exsequitur
3284 4163 4664 4265 de se presummat / Sepe vero animus fallitur
3300 4295 4686 4393 ut quod voluptuose appetit necessarium sus¬
3276 4407 4674 4513 picetur quatenus omne quodlibet / vite de¬
3294 4527 4708 4629 bite utilitatem putet Et 30mo moralium
3292 4639 4708 4755 capitulo 23o dicit Sciendum vero est / sic quod /
3294 4757 4658 4875 voluptas sub necessitate se palliat / ut
3266 4891 4660 4999 vix eam perfectus quisque discernat / nam
3276 5006 4710 5122 dum solvi necessitatis debitum petit / voluptas
3290 5126 4634 5240 expleri desiderium suppetit / et tanto
3248 5244 4628 5361 gula secrecius in preceps rapit / quanto
3276 5377 4682 5489 sub honesto nomine necessitatis explende
