5166 6804
1460 1078 1574 1138 via
1604 1078 1688 1138 est
1718 1078 1932 1138 incerta
1969 1078 1984 1138 /
2000 1080 2068 1140 quia
2091 1083 2456 1143 confitendo
2486 1093 2745 1153 ncuplus

1422 1203 1656 1263 oportet
1677 1202 1698 1262 /
1711 1202 1822 1262 qua
1857 1204 2071 1264 habere
2098 1208 2437 1268 dispolenciam
2464 1216 2519 1276 de
2533 1222 2754 1282 pecrtato

1459 1330 1507 1390 et
1535 1330 1755 1390 habere
1790 1332 1948 1392 simum
1976 1332 2183 1392 properofitu
2244 1336 2541 1396 amplius
2568 1342 2782 1402 nonpec

1407 1454 1623 1514 candi
1646 1452 1669 1512 /
1685 1452 1808 1512 que
1847 1450 2002 1510 dbnam
2040 1450 2210 1510 sacramento
2264 1450 2604 1510 absolucione
2643 1452 2650 1512 /
2666 1453 2835 1513 confecit

1470 1578 1645 1638 bomini
1672 1576 1909 1636 confitenti
1943 1576 2125 1636 graciam
2152 1574 2188 1634 ut
2194 1574 2257 1634 patet
2277 1573 2313 1633 ex
2354 1572 2472 1632 super
2479 1570 2611 1630 dctis
2625 1569 2640 1629 /
2654 1568 2806 1628 Iubrita

1437 1706 1707 1766 utilitate
1745 1701 2045 1761 confessionis
2083 1697 2253 1757 Undere
2275 1696 2338 1756 dicit
2361 1696 2553 1756 Augutnus
2583 1698 2745 1758 inde¬

1399 1828 1545 1888 vera
1600 1828 1670 1888 et
1701 1828 1810 1888 filam
1840 1827 2019 1887 peneitencia
2073 1824 2251 1884 Queiem
2274 1822 2500 1882 penstenitet
2539 1820 2694 1880 omno
2740 1820 2841 1880 Rten¬

1397 1956 1539 2016 teat
1570 1954 1648 2014 smper
1680 1952 1940 2012 conticione
1996 1954 2050 2014 et
2082 1955 2381 2015 confessione
2420 1956 2634 2016 rpsente
2704 1952 2854 2012 vita¬

1464 2078 1665 2138 suam
1692 2080 1782 2140 deo
1810 2081 1858 2141 per
1878 2082 2113 2142 sacridotem
2154 2084 2473 2144 prenominat
2507 2084 2749 2144 iudicium

1445 2209 1544 2269 dei
1580 2212 1678 2272 per
1692 2214 1990 2274 confessionem
2025 2214 2259 2274 precepit
2301 2214 2414 2274 enim
2450 2214 2569 2274 domins
2598 2216 2739 2276 mum

1448 2334 1653 2394 dandis
1676 2338 1691 2398 /
1713 2338 1797 2398 ut
1827 2342 2078 2402 ostendent
2116 2344 2200 2404 ora
2237 2345 2397 2405 sacrmius
2419 2346 2602 2406 docens
2640 2346 2799 2406 corpa

1393 2448 1443 2508 li
1458 2454 1632 2514 penitencia
1676 2463 2069 2523 confitenda
2112 2470 2272 2530 peccatum
2309 2472 2490 2532 fusco
2520 2472 2621 2532 ptet
2650 2472 2803 2532 quod

1430 2572 1493 2632 ad
1523 2576 1849 2636 confessione
1896 2586 2137 2646 faciends
2168 2594 2455 2654 sacerdoti
2486 2596 2804 2656 obligamur

1438 2697 1483 2757 ex
1527 2703 1748 2763 precepte
1792 2709 1939 2769 divo
1983 2716 2204 2776 vositie
2241 2718 2351 2778 axemo
2374 2720 2499 2780 dato
2528 2720 2588 2780 Io
2624 2720 2778 2780 adeam

1384 2826 1707 2886 tenenur
1742 2828 1834 2888 propter
1862 2830 1939 2890 ie
1967 2832 2213 2892 causas
2241 2839 2613 2899 villicacionis
2641 2847 2817 2907 quas

1431 2942 1653 3002 tangit
1702 2947 2066 3007 vilhelmus
2097 2953 2393 3013 indesacrdtis
2418 2953 2504 3013 captlo
2529 2952 2585 3012 41o
2603 2948 2739 3008 secundum

1401 3060 1550 3120 ratione
1580 3067 1873 3127 villicacionies
1885 3070 1891 3130 /
1903 3072 2113 3132 quam
2142 3074 2321 3134 nobis
2352 3076 2501 3136 deus
2531 3076 2734 3136 libero

1423 3175 1615 3235 arbito
1647 3181 1864 3241 commisit
1883 3182 1903 3242 /
1909 3183 1960 3243 de
1973 3184 2082 3244 hat
2114 3186 2280 3246 habetur
2319 3188 2440 3248 buce
2479 3190 2542 3250 19o
2574 3194 2754 3254 Bedde

1404 3295 1556 3355 ratione
1591 3300 1866 3360 villicacionis
1893 3300 1997 3360 tue
2024 3300 2032 3360 /
2046 3300 2183 3360 quam
2204 3301 2245 3361 si
2273 3302 2472 3362 fideliter
2494 3305 2604 3365 vis
2624 3310 2769 3370 facerete

1358 3417 1364 3477 /
1389 3414 1699 3474 recordare
1737 3414 1898 3474 debes
1923 3414 2147 3474 quatam
2184 3417 2377 3477 villam
2407 3420 2519 3480 tibi
2563 3425 2681 3485 dominis
2706 3429 2806 3489 decus

1409 3532 1557 3592 dedit
1571 3531 1586 3591 /
1593 3530 1652 3590 et
1681 3530 1889 3590 planum
1926 3532 1999 3592 est
2028 3532 2088 3592 quod
2110 3534 2317 3594 pulcis
2339 3540 2700 3600 magficeque

1381 3650 1687 3710 edificatam
1706 3650 1725 3710 /
1745 3651 1764 3711 a
1784 3651 1875 3711 deo
1907 3650 2134 3710 opisicere
2154 3650 2167 3710 /
2180 3650 2245 3710 de
2258 3650 2394 3710 inde
2433 3652 2570 3712 duleati
2595 3653 2764 3713 ino

1366 3762 1606 3822 mitam
1642 3768 1904 3828 videlies
1941 3770 2203 3830 angulorum
2232 3770 2466 3830 custora
2494 3772 2516 3832 /
2531 3774 2589 3834 et
2611 3777 2706 3837 dei
2720 3781 2785 3841 pro¬

1370 3888 1613 3948 tertione
1655 3889 1731 3949 Et
1753 3890 1878 3950 enim
1898 3890 2023 3950 dminis
2058 3890 2121 3950 n
2134 3892 2329 3952 cervitu
2378 3892 2497 3952 populi
2524 3894 2622 3954 sui
2649 3895 2774 3955 tan¬

1423 4006 1569 4066 quam
1589 4006 1761 4066 murus
1774 4007 1880 4067 secundum
1893 4008 1966 4068 ilud
2000 4012 2165 4072 ysavie
2211 4013 2218 4073 2
2297 4014 2569 4074 alvator
2595 4010 2780 4070 ponetur

1378 4128 1438 4188 in
1450 4128 1512 4188 ea
1554 4128 1803 4188 murus
1839 4128 1893 4188 et
1949 4128 2082 4188 ante
2124 4128 2312 4188 micrite
2361 4130 2416 4190 et
2446 4130 2604 4190 dedit
2640 4128 2767 4188 eodere¬

1404 4244 1553 4304 ville
1596 4250 1775 4310 multones
1804 4250 2140 4310 habitatores
2176 4248 2259 4308 scilicet
2265 4248 2397 4308 dona
2445 4249 2493 4309 et
2517 4252 2720 4312 virtutes

1398 4361 1452 4421 et
1471 4368 1692 4428 commisit
1725 4372 1880 4432 istas
1913 4369 2074 4429 homini
2101 4366 2161 4426 ad
2175 4364 2509 4424 custodiendum
2529 4367 2549 4427 /
2562 4371 2736 4431 quas

1347 4475 1395 4535 si
1427 4479 1452 4539 pe
1460 4483 1620 4543 peccatum
1652 4489 1909 4549 dissipat
1933 4491 1957 4551 /
1965 4492 2030 4552 et
2053 4492 2262 4552 perdit
2294 4492 2471 4552 debet
2495 4492 2752 4552 pravennere

1355 4602 1765 4662 conputationem
1792 4607 1883 4667 dei
1904 4608 1924 4668 /
1945 4609 2000 4669 et
2028 4611 2174 4671 coram
2202 4612 2299 4672 suo
2327 4612 2528 4672 vicanio
2556 4611 2570 4671 /
2583 4610 2640 4670 et
2660 4609 2757 4669 tunc

1353 4714 1523 4774 deus
1553 4717 1656 4777 fatue
1693 4718 1812 4778 equo
1842 4720 1998 4780 quam
2020 4722 2272 4782 homines
2324 4724 2450 4784 qui
2480 4728 2702 4788 malos
2724 4733 2814 4793 vil¬

1347 4835 1507 4895 licios
1543 4838 1839 4898 covinctos
1876 4840 2172 4900 contempnat
2228 4840 2277 4900 et
2314 4845 2604 4905 deponuter
2634 4855 2776 4915 deus

1356 4954 1497 5014 autem
1520 4954 1724 5014 malis
1755 4960 1998 5020 villicis
2029 4971 2272 5031 confessis
2295 4982 2562 5042 honorem
2577 4987 2671 5047 sui
2695 4990 2780 5050 osi¬

1341 5062 1446 5122 fici
1483 5073 1662 5133 servat
1677 5079 1700 5139 /
1715 5081 1767 5141 et
1797 5089 2097 5149 dissipata
2142 5098 2284 5158 bona
2322 5102 2457 5162 eidem
2494 5107 2546 5167 de
2561 5111 2680 5171 nvo
2711 5115 2793 5175 tra

1369 5184 1449 5244 dcit
1505 5194 1671 5254 Sciondo
1714 5205 2003 5265 tenemur
2034 5209 2132 5269 ratione
2163 5215 2489 5275 villicacionis
2526 5224 2686 5284 agri

1344 5311 1440 5371 tre
1479 5318 1614 5378 sine
1647 5323 1806 5383 predum
1837 5328 2005 5388 quod
2044 5330 2068 5390 a
2093 5332 2179 5392 deo
2212 5335 2482 5395 repimus
2506 5345 2729 5405 tamquam

3289 1073 3338 1133 ex
3382 1079 3639 1139 cotendum
3674 1085 3753 1145 Si
3782 1089 3924 1149 ergo
3960 1093 4025 1153 in
4039 1099 4246 1159 cresceunt
4281 1110 4546 1170 sperimevi¬

3242 1202 3406 1262 conum
3443 1204 3662 1264 tenemur
3686 1208 3790 1268 eas
3814 1212 3870 1272 aues
3906 1218 4100 1278 evelle
4138 1226 4271 1286 sicut
4296 1236 4496 1296 villicuius

3203 1312 3270 1372 de
3284 1312 3467 1372 agro
3505 1316 3687 1376 domi
3710 1320 3813 1380 sui
3835 1324 3849 1384 /
3871 1326 3930 1386 et
3967 1332 4077 1392 hoc
4113 1336 4194 1396 fit
4216 1341 4268 1401 per
4282 1348 4584 1408 confessionum

3238 1434 3400 1494 sicut
3439 1434 3491 1494 de
3510 1436 3705 1496 semine
3750 1443 3853 1503 comnte
3893 1446 3950 1506 uet
3976 1451 4067 1511 3o
4093 1456 4242 1516 ratione
4268 1463 4559 1523 villicationis

3237 1551 3543 1611 talentorum
3575 1556 3703 1616 que
3741 1562 3800 1622 ab
3831 1565 3933 1625 ipso
3978 1573 4170 1633 nobis
4202 1582 4426 1642 tradita
4445 1586 4541 1646 sunt

3262 1674 3333 1734 ad
3354 1675 3707 1735 lutrandum
3735 1683 3799 1743 de
3820 1689 3953 1749 quo
3996 1696 4080 1756 Mathi
4116 1701 4144 1761 Qu
4257 1709 4327 1769 in
4349 1714 4532 1774 valola

3239 1799 3542 1859 talentorum
3560 1803 3572 1863 /
3590 1807 3846 1867 talentu
3906 1818 4046 1878 autem
4064 1824 4155 1884 dicitur
4185 1831 4324 1891 ome
4355 1841 4513 1901 illud

3262 1928 3313 1988 ex
3356 1930 3480 1990 quo
3516 1933 3669 1993 lucrum
3698 1941 3916 2001 spirituale
3952 1952 4192 2012 prevenire
4236 1960 4388 2020 debet
4418 1965 4556 2025 protrun¬

3233 2048 3405 2108 denter
3434 2057 3791 2117 negociantibus
3832 2067 3991 2127 Unee
4018 2071 4073 2131 si
4107 2078 4486 2138 dissipamus

3218 2174 3479 2234 talentum
3517 2179 3727 2239 nobis
3752 2190 4026 2250 traditum
4052 2197 4064 2257 /
4090 2209 4490 2269 recognoscere

3240 2294 3544 2354 debemus
3580 2298 3757 2358 aput
3810 2305 3964 2365 dium
4001 2310 4075 2370 quod
4105 2314 4186 2374 fit
4216 2319 4319 2379 per
4341 2327 4570 2387 confessionm

3210 2422 3368 2482 oris
3397 2422 3735 2482 faciendam
3778 2426 3900 2486 suo
3943 2431 4222 2491 vicario
4259 2436 4424 2496 sacramenti
4467 2439 4560 2499 4to

3184 2536 3351 2596 raione
3409 2541 3715 2601 officiorum
3765 2545 3838 2605 in
3867 2549 4143 2609 quibus
4172 2558 4419 2618 sumus
4456 2566 4586 2626 con¬

3171 2666 3417 2726 stituti
3434 2664 3451 2724 /
3469 2664 3553 2724 propter
3579 2666 3749 2726 quod
3784 2674 4209 2734 unusquisque
4243 2683 4549 2743 confitendus

3192 2784 3779 2844 interrogandus
3821 2794 3914 2854 est
3956 2798 4020 2858 de
4035 2801 4140 2861 sue
4175 2806 4352 2866 officio
4382 2809 4403 2869 /
4438 2812 4529 2872 an¬

3226 2902 3384 2962 illud
3429 2911 3715 2971 fideliter
3746 2917 3806 2977 per
3836 2921 4017 2981 agat
4054 2925 4182 2985 quo
4213 2928 4303 2988 avimo
4326 2930 4469 2990 qua¬

3184 3030 3556 3090 intencione
3608 3038 3905 3098 suscepit
3927 3042 3942 3102 /
3964 3045 4054 3105 ante
4084 3046 4172 3106 propter
4188 3049 4284 3109 dei
4314 3055 4522 3115 galeram

3221 3146 3280 3206 et
3312 3146 3473 3206 animarum
3499 3152 3784 3212 salutem
3797 3155 3816 3215 /
3836 3156 3933 3216 vnel
3971 3159 4017 3219 ex
4068 3161 4185 3221 alia
4230 3164 4418 3224 causa

3235 3259 3333 3319 to
3367 3268 3527 3328 ratione
3554 3276 3922 3336 stipendiorum
3950 3280 4068 3340 que
4089 3282 4206 3342 adeo
4241 3284 4303 3344 et
4338 3286 4505 3346 animatus

3173 3391 3534 3451 sustepimus
3576 3395 3666 3455 propter
3690 3396 3789 3456 hoc
3821 3400 3953 3460 enim
3969 3403 4208 3463 precepit
4240 3407 4430 3467 salon
4454 3410 4536 3470 di¬

3211 3514 3457 3574 ligenter
3492 3515 3765 3575 agnosce
3808 3520 3976 3580 vultum
4004 3525 4270 3585 peccoris
4305 3528 4404 3588 tui
4418 3530 4551 3590 prosuobls

3134 3637 3178 3697 se
3303 3634 3391 3694 ut
3427 3634 3677 3694 pretebitur
3721 3634 3802 3694 3o
3831 3636 3963 3696 dico
4000 3636 4161 3696 quod
4205 3636 4470 3696 confessio
4506 3634 4542 3694 est

3195 3752 3506 3812 perapplos
3558 3756 3608 3816 ec
3630 3758 3761 3818 lesie
3797 3760 4116 3820 permulgata
4167 3758 4225 3818 et
4254 3751 4551 3811 maifestactur

3160 3876 3174 3936 /
3187 3876 3302 3936 qui
3329 3876 3469 3936 eam
3503 3876 3597 3936 axeio
3638 3874 3934 3934 accepunt
3948 3874 3961 3934 /
3974 3873 4035 3933 et
4068 3872 4156 3932 eam
4190 3869 4385 3929 eclesie
4418 3866 4492 3926 tera

3152 3990 3388 4050 diderunt
3441 3994 3596 4054 sicut
3643 3995 3697 4055 et
3731 3996 3940 4056 multa
4001 3994 4122 4054 alia
4149 3993 4338 4053 tenet
4385 3988 4499 4048 ecclesia

3152 4114 3287 4174 que
3326 4118 3430 4178 sunt
3470 4120 3526 4180 per
3557 4118 3740 4178 aptolos
3772 4116 3860 4176 verba
3883 4113 4122 4173 tradita
4162 4110 4313 4170 eciam
4337 4110 4472 4170 sine

3158 4240 3403 4300 scptura
3453 4238 3510 4298 ex
3558 4238 3707 4298 pressa
3747 4233 3984 4293 ewgeius
4010 4230 4115 4290 sicut
4141 4228 4198 4288 quod
4214 4228 4304 4288 hrius
4321 4228 4549 4288 incena

3152 4353 3267 4413 quando
3311 4354 3584 4414 confecit
3635 4353 3836 4413 sacramentum
3894 4352 3958 4412 et
3995 4352 4290 4412 instituit
4355 4354 4556 4414 eevat

3175 4477 3399 4537 intelum
3438 4476 3656 4536 oculos
3682 4476 3695 4536 /
3714 4476 3800 4536 us
3839 4476 3899 4536 de
3912 4476 4214 4536 cebracionem
4267 4478 4490 4538 missorum

3176 4597 3279 4657 capitulo
3319 4593 3408 4653 cum
3449 4591 3469 4651 a
3496 4588 3708 4648 sarte
3756 4586 3899 4646 us
3919 4584 4260 4644 fundamentum
4281 4580 4328 4640 est
4349 4580 4464 4640 itud

3181 4708 3351 4768 Iolns
3384 4706 3555 4766 ultio
3600 4706 3817 4766 ulta
3863 4704 4066 4764 quidam
4099 4702 4151 4762 et
4191 4698 4309 4758 alia
4348 4693 4506 4753 signa

3126 4824 3268 4884 fecit
3293 4824 3468 4884 ihus
3518 4824 3576 4884 qui
3593 4826 3752 4886 non
3785 4826 3894 4886 sunt
3935 4826 4085 4886 spta
4136 4824 4210 4884 in
4227 4821 4327 4881 hibro
4361 4817 4461 4877 hoc

3135 4942 3211 5002 Et
3233 4942 3347 5002 sicut
3377 4945 3529 5005 etiam
3560 4948 3727 5008 bitus
3765 4952 4046 5012 laciobus
4099 4949 4168 5009 in
4183 4946 4297 5006 sua
4342 4935 4516 4995 caencia

3192 5068 3291 5128 2cio
3321 5070 3434 5130 Qto
3464 5073 3900 5133 premulgavit
3961 5078 4337 5138 confessionem
4375 5078 4518 5138 dies

3141 5202 3503 5262 Confitenum
3552 5207 3785 5267 alteuntum
3809 5210 3954 5270 peccata
4003 5212 4132 5272 vetra
4204 5212 4309 5272 4to
4325 5212 4438 5272 dico
4462 5212 4526 5272 quod

3155 5339 3224 5399 ad
3254 5347 3657 5407 confesstionem
3688 5351 4022 5411 obligamtur
4045 5350 4091 5410 ex
4129 5351 4320 5411 precepto
4365 5353 4502 5413 ecclesia
