5166 6845
642 1197 1982 1313 aut informamur ad innocenciam aut
638 1317 1986 1425 revocamur a culpa Ad hoc enim sunt leges
638 1433 1976 1552 naturales / institute / que debent institui finaliter ut
654 1559 1992 1676 deus diligatur ordinate / et proximus propter
658 1673 1998 1794 deum / propter quod dicit sapiens ecclesiastici 3o Que
662 1795 2034 1914 tibi precepit deus / cogita semper / et in pluri¬
666 1923 2006 2039 bus operibus eius non sis curiosus Ubi
662 2049 2030 2153 dicit glosa semper divina precepta cogitat / qui
646 2167 2012 2278 nichil adversum precepta perpetrat / Sunt
658 2279 2030 2402 ergo talia cogitanda / que sunt ad salutem
674 2399 2050 2514 necessaria / non ista vana et inutilia / in
666 2515 2008 2636 quibus est vanitas / et nulla utilitas /
674 2635 2084 2762 vero aliquando nocumentum ex dictis faciendo / ergo
672 2755 2052 2884 divina precepta / homo spiritualiter vivit vita
684 2888 2072 3006 gracie / et hoc in presenti / et vita glorie in futuro
690 3018 2042 3120 secundum quod dixit dominus Mt 19o Si vis vitam
698 3133 2040 3241 ingredi / serva mandata / Glosa dicit / quod
700 3257 2056 3364 in hoc verbo ostenditur quod ille non est bonus
692 3359 2076 3492 / qui querit de bono / et similiter qui scit bonum
708 3507 2048 3622 sed qui facit quod bonum est / precipue quod
710 3627 2012 3738 preceptum est sibi / inter que et confessio ‧
714 3747 2020 3858 Ideo quatenus ipsa ordinate fiat ut dicit leo
722 3861 2054 3980 papa in quodam sermone de quadragesima Scrutetur
718 3985 2060 4102 quisque conscienciam suam / seque ante se statuat
704 4103 2060 4224 proprii censura iudicii / videat si in secreto
718 4231 2084 4335 cordis sui illam habeat / quam christus de¬
706 4347 2080 4451 dit pacem si desiderium spiritus / nulla con¬
726 4461 2062 4562 cupiscencia carnis inpungnat / si humilia
706 4569 2098 4680 non spernit / si alta supra se non appetit / si
706 4689 2124 4800 in iniquo non delectatur lucro si inmo¬
716 4803 2064 4924 derato rerum suarum non guadet / augmento
736 4934 2068 5044 si aliena felicitate non utatur / aut in mi¬
728 5056 2116 5160 seria inimici non letatur et cum harum per¬
730 5174 2120 5284 turbacionum nichil forte in se repperit sin¬
724 5298 2094 5396 cero disquirat examine / qualium cogita¬
722 5396 2106 5500 cionum spem frequentetur / an vanitatibus
2380 1116 3764 1248 acquiescat / et emendare possit per confessionem
2380 1253 3804 1365 et effundere de quibus dicendum erit / pro gratia di¬
2376 1379 3088 1486 camus Ave maria
2662 1486 3770 1587 Rosequendum nunc consequenter materiam
2648 1596 3782 1703 de confessione notandum / quod duplex est
2716 1708 3816 1840 confessio / quedam est confessio laudis /
2382 1847 3844 1971 ut quando quis corde recognoscit aut exterius
2380 1969 3806 2075 in opere ostendit / sero manifestat / magni¬
2384 2084 3788 2194 tudinem alicuius virtutis / et sic iubemur confiteri
2378 2198 3766 2310 domino / quia bonus quem in se lis m iam eius / Sic et
2382 2316 3798 2438 petimus confiteantur domino omnia opera eius
2398 2454 3762 2558 et de hac confessione nichil ad propositum / Alia est
2404 2578 3752 2676 confessio peccati / et illa est duplex / quedam est
2404 2688 3802 2800 oculta in mente / quando homo recognoscit
2398 2822 3794 2916 proprium peccatum /coram deo in corde suo ‧ recog¬
2412 2944 3776 3048 noscens se in deum creatorem suum peccasse
2398 3060 3804 3171 Alia est confessio que fit ore exterius coram
2426 3166 3796 3279 homine et / hec potest fieri dupliciter Unomodo quando aliquis
2426 3280 3838 3396 fatetur culpam et veritatem de se vel de alio /
2416 3400 3840 3518 per se ipsum sponte / vel interrogacionibus ab
2428 3526 3820 3639 alio in iudicio vel extra iudicium / et sic confiteri
2428 3642 3792 3749 nichil aliud est quam asserere aliquod vel
2426 3762 3810 3876 negare / Magis tamen proprie confessio habet locum
2424 3890 3794 4006 quando quis aliquod asserit / quam quando negat
2406 4014 3804 4136 / quamvis tamen eciam negacio vocetur confessio
2442 4146 3822 4262 in scripturis / ut patet patet Ioh 1o / de Iohanne
2424 4258 3838 4384 waptista / quod confessus et non negavit / et
2448 4368 3812 4504 confessus est quia non sum ego christus Et dicit
2432 4496 3888 4626 durandus distinccione 174ti quod talis confessio extra /
2456 4610 3908 4744 iudicium per se eciam siquis est / interrogatus
2436 4738 3824 4866 non cadit sub aliquo precepto id est non est
2440 4860 3868 4992 precepta / quia est voluntaria et ex libertate
2464 4971 3828 5110 et hoc si est de ocultis non pertinentibus
2456 5069 3870 5222 ad salutem hominis / quod dico / quia siquis er¬
2460 5201 3868 5337 roret in fide et quereret ab alio de fidei
2454 5313 3894 5441 veritate / talis precepta dei tenetur eum quantum
