5166 6804
1483 1111 1618 1171 pui
1633 1115 1753 1175 tons
1775 1118 1947 1178 dive
1985 1120 2164 1180 exsua
2217 1120 2254 1180 ex
2299 1120 2584 1180 spectacione
2613 1120 2680 1180 et
2703 1122 2793 1182 pa¬

1426 1230 1539 1290 tiam
1571 1234 1797 1294 excedit
1830 1236 1991 1296 tempus
2015 1236 2169 1296 penitencie
2225 1238 2362 1298 ipsis
2395 1242 2685 1302 peccatoribus
2701 1244 2709 1304 /
2717 1246 2790 1306 qud

1388 1354 1535 1414 fuit
1570 1355 1836 1415 iniquum
1885 1356 1948 1416 Et
1976 1356 2186 1416 Aiugstus
2207 1356 2270 1416 in
2277 1356 2340 1416 de
2375 1356 2508 1416 vera
2557 1356 2620 1416 et
2648 1356 2746 1416 fla

1399 1476 1560 1536 penitencia
1590 1474 1840 1534 Consideret
1869 1474 2038 1534 peccator
2067 1472 2289 1532 qualite
2325 1474 2494 1534 Emnis
2524 1474 2597 1534 in
2619 1475 2730 1535 loco

1414 1596 1478 1656 in
1494 1596 1599 1656 tempore
1631 1596 1703 1656 in
1711 1594 2065 1654 pesenveum
2081 1594 2105 1654 /
2113 1594 2177 1654 et
2201 1594 2282 1654 poost
2298 1594 2499 1654 considet
2531 1592 2700 1652 peccator

1381 1731 1542 1791 quam
1567 1725 1882 1785 pernmansit
1923 1724 1988 1784 et
2012 1724 2117 1784 per
2134 1726 2441 1786 seveavit
2474 1728 2531 1788 et
2563 1730 2797 1790 defileat

1340 1875 1367 1935 /
1384 1872 1447 1932 quod
1456 1861 1812 1921 perfeneant
1838 1856 2115 1916 peccavit
2168 1858 2337 1918 bnde
2373 1861 2480 1921 patet
2497 1863 2560 1923 quod
2578 1865 2667 1925 non
2685 1869 2846 1929 quilibet

1383 1996 1512 2056 qui
1541 1989 1620 2049 est
1662 1984 1726 2044 in
1733 1981 1877 2041 peccato
1899 1978 2113 2038 mortali
2127 1978 2149 2038 /
2171 1979 2228 2039 et
2256 1980 2357 2040 non
2371 1982 2421 2042 per
2436 1984 2600 2044 initet
2636 1989 2685 2049 de
2701 1992 2800 2052 isto

1384 2119 1631 2179 semper
1662 2109 1856 2169 peccat
1895 2104 2073 2164 novo
2111 2104 2259 2164 peccato
2282 2104 2297 2164 /
2305 2104 2406 2164 propter
2429 2105 2530 2165 hoc
2569 2107 2654 2167 quia
2685 2110 2777 2170 non

1378 2238 1562 2298 exit
1607 2237 1714 2297 hoc
1745 2236 1928 2296 peccatum
1943 2234 1959 2294 /
1966 2233 2073 2293 patet
2096 2232 2157 2292 de
2172 2232 2280 2292 isto
2318 2230 2439 2290 qui
2463 2232 2639 2292 peccatum
2662 2236 2798 2296 suum

1416 2346 1573 2406 non
1607 2355 1933 2415 considerat
1967 2356 2089 2416 modo
2103 2355 2245 2415 iam
2266 2354 2435 2414 perocicio
2483 2356 2626 2416 Sciondo
2660 2360 2761 2420 patet

1379 2471 1442 2531 quod
1464 2474 1590 2534 etiam
1625 2474 1745 2534 nimis
1773 2474 1927 2534 dura
1970 2474 2209 2534 videtur
2244 2474 2363 2534 esse
2412 2479 2701 2539 aliquorum
2722 2486 2736 2546 /
2743 2490 2799 2550 et

1378 2600 1564 2660 dictum
1604 2604 1712 2664 ade
1752 2606 1884 2666 ubi
1907 2606 2048 2666 supra
2080 2606 2149 2666 quod
2172 2604 2446 2664 quilibet
2461 2607 2773 2667 teneatur

1379 2720 1584 2780 cicius
1620 2720 1744 2780 quo
1774 2720 1883 2780 potest
1905 2722 2103 2782 culpam
2132 2724 2395 2784 mortalem
2418 2728 2797 2788 inchratam

1383 2840 1663 2900 dimittere
1685 2841 1706 2901 /
1727 2842 1782 2902 et
1817 2842 1881 2902 quod
1895 2844 2014 2904 talis
2042 2846 2266 2906 aterimio
2301 2848 2448 2908 temperis
2476 2850 2694 2910 mimi
2729 2853 2785 2913 ab

1373 2969 1488 3029 ipso
1516 2966 1757 3026 preceptiti
1792 2966 2087 3026 distincte
2114 2968 2131 3028 /
2149 2971 2283 3031 quo
2319 2975 2408 3035 primo
2426 2978 2507 3038 sit
2543 2981 2605 3041 se
2631 2985 2828 3045 advere

1372 3101 1526 3161 debere
1566 3096 1830 3156 dimitte
1850 3094 1870 3154 /
1883 3096 1991 3156 talem
2018 3096 2226 3156 malum
2267 3098 2321 3158 et
2354 3099 2449 3159 non
2482 3100 2765 3160 dimittit

1412 3210 1655 3270 omnittit
1704 3210 1966 3270 noviter
2016 3214 2271 3274 peccando
2303 3218 2532 3278 mortalit
2558 3220 2570 3280 /
2595 3222 2725 3282 non

1382 3330 1558 3390 hndo
1598 3332 1998 3392 displicenciam
2030 3334 2166 3394 super
2182 3335 2285 3395 isto
2310 3336 2445 3396 peccato
2478 3338 2493 3398 /
2509 3339 2573 3399 et
2597 3343 2749 3403 non

1372 3448 1672 3508 cessando
1718 3450 1779 3510 ab
1796 3451 1849 3511 eo
1887 3452 2095 3512 citius
2126 3455 2249 3515 quo
2288 3457 2457 3517 postit
2488 3458 2503 3518 /
2518 3458 2595 3518 quia
2618 3460 2749 3520 talis

1413 3560 1532 3620 secundum
1565 3562 1651 3622 eum
1683 3564 1882 3624 videre
1928 3568 1988 3628 de
2001 3569 2179 3629 novo
2212 3573 2497 3633 consentire
2530 3579 2562 3639 in
2576 3582 2741 3642 peccatum

1371 3685 1422 3745 sed
1451 3684 1531 3744 in
1560 3684 1675 3744 hoc
1712 3684 1858 3744 non
1894 3684 2140 3744 videtur
2191 3686 2307 3746 vndium
2336 3690 2459 3750 nisi
2481 3694 2655 3754 peccatum
2678 3701 2801 3761 suum

1367 3810 1663 3870 distintte
1704 3810 2034 3870 congnofceret
2055 3811 2062 3871 /
2084 3812 2168 3872 ut
2210 3812 2302 3872 dei
2343 3818 2708 3878 offensivum
2751 3827 2807 3887 etc.

1357 3930 1426 3990 Et
1450 3928 1505 3988 si
1544 3926 1638 3986 ditur
1669 3925 1754 3985 tamen
1778 3924 1832 3984 pro
1848 3926 2098 3986 quolibet
2129 3932 2410 3992 instanti
2433 3938 2456 3998 /
2472 3944 2660 4004 homo
2698 3953 2785 4013 tentur

1394 4041 1559 4101 exivere
1589 4042 1776 4102 peccatum
1797 4044 1935 4104 suum
1963 4048 2164 4108 mortale
2215 4053 2366 4113 persnter
2395 4057 2453 4117 quod
2467 4061 2576 4121 ista
2633 4067 2712 4127 est

1366 4158 1663 4218 inltuplex
1742 4164 1929 4224 Unde
1969 4168 2102 4228 dico
2156 4170 2235 4230 quod
2258 4172 2455 4232 homo
2494 4175 2596 4235 est
2627 4177 2775 4237 obli¬

1399 4287 1607 4347 gatus
1640 4288 1888 4348 proquolibet
1915 4292 2183 4352 instanti
2230 4297 2310 4357 ut
2337 4302 2538 4362 aliquando
2572 4310 2766 4370 exeatur

1361 4415 1425 4475 sed
1449 4411 1603 4471 non
1635 4410 1828 4470 tenetur
1852 4412 1916 4472 in
1932 4416 2126 4476 quolibet
2166 4426 2319 4486 exvere
2351 4432 2423 4492 sic
2464 4437 2536 4497 quod
2552 4440 2609 4500 si
2641 4445 2786 4505 non

1382 4527 1540 4587 facit
1569 4526 1592 4586 /
1606 4527 1707 4587 tunc
1750 4529 1793 4589 pro
1808 4533 2003 4593 quolibet
2039 4547 2321 4607 instanti
2358 4561 2559 4621 percet
2596 4569 2762 4629 novo

1356 4656 1515 4716 peccato
1557 4656 1623 4716 Et
1657 4656 1825 4716 huius
1850 4662 2075 4722 fudantum
2100 4668 2176 4728 est
2201 4671 2217 4731 /
2234 4674 2301 4734 quod
2326 4683 2544 4743 precepta
2593 4691 2618 4751 a
2643 4697 2794 4757 ssinatu

1380 4773 1488 4833 agima
1543 4783 1799 4843 obligantu
1866 4791 1928 4851 ad
1941 4795 2137 4855 semper
2184 4801 2353 4861 netlima
2421 4806 2489 4866 ad
2509 4813 2752 4873 sempet

1424 4898 1465 4958 pro
1478 4903 1732 4963 semper
1752 4909 1773 4969 /
1786 4911 1875 4971 sed
1917 4917 2046 4977 non
2088 4922 2197 4982 esse
2224 4926 2300 4986 in
2320 4929 2457 4989 peccato
2485 4937 2751 4997 mortali

1364 5026 1527 5086 non
1566 5029 1659 5089 est
1682 5037 1969 5097 preceptum
2008 5045 2101 5105 dei
2117 5047 2132 5107 /
2148 5049 2225 5109 quia
2248 5054 2512 5114 aliquis
2543 5058 2629 5118 ho
2660 5058 2791 5118 eblit

1387 5153 1678 5213 garetur
1719 5159 1778 5219 ad
1803 5161 1878 5221 in
1894 5164 2003 5224 paraile
2019 5167 2036 5227 /
2052 5170 2128 5230 quia
2153 5174 2302 5234 omne
2344 5178 2419 5238 quod
2444 5181 2536 5241 est
2544 5183 2561 5243 /
2577 5184 2777 5244 quando

1366 5276 1409 5336 est
1431 5282 1610 5342 necessario
1639 5287 1724 5347 est
1754 5288 1768 5348 /
1782 5289 1890 5349 quando
1911 5292 1962 5352 est
1990 5293 2083 5353 primost
2091 5294 2140 5354 per
2155 5296 2420 5356 ginenas
2463 5299 2528 5359 et
2549 5301 2635 5361 sic
2678 5304 2779 5364 quando

1364 5390 1562 5450 peccat
1609 5399 1739 5459 accu
1792 5404 1929 5464 non
1961 5408 2075 5468 potest
2098 5410 2190 5470 non
2213 5412 2335 5472 habere
2373 5412 2541 5472 peccatum
2572 5414 2687 5474 Sed
2702 5414 2786 5474 pre¬

3217 1128 3447 1188 ceptum
3474 1130 3562 1190 est
3595 1133 3670 1193 ut
3703 1138 3981 1198 voluntarie
4022 1145 4082 1205 et
4110 1155 4400 1215 deliberate
4434 1167 4515 1227 non

3207 1244 3338 1304 non
3357 1248 3619 1308 maneat
3665 1252 3730 1312 in
3750 1254 3880 1314 peccato
3906 1257 4011 1317 quando
4030 1262 4155 1322 ipsum
4187 1267 4266 1327 dte
4298 1276 4514 1336 considerat

3203 1358 3315 1418 modo
3328 1361 3384 1421 ia
3421 1363 3540 1423 dicto
3558 1364 3571 1424 /
3583 1365 3634 1425 et
3658 1366 3708 1426 si
3714 1368 3870 1428 ulta
3921 1372 4020 1432 hoc
4051 1377 4252 1437 manet
4283 1384 4339 1444 in
4357 1388 4464 1448 peccato

3221 1481 3303 1541 tunc
3330 1483 3479 1543 peccat
3506 1485 3588 1545 propter
3608 1488 3919 1548 negligencioem
3953 1494 4252 1554 recupandi
4266 1499 4286 1559 /
4293 1500 4347 1560 et
4374 1504 4455 1564 propter

3177 1602 3367 1662 novum
3398 1602 3477 1662 dei
3508 1605 3802 1665 contemptum
3820 1608 3832 1668 /
3852 1609 3962 1669 vndem
3986 1611 4084 1671 vel
4121 1616 4421 1676 interpetatum
4439 1617 4457 1677 /
4470 1618 4519 1678 et

3151 1728 3258 1788 patet
3282 1730 3327 1790 per
3350 1730 3488 1790 quem
3518 1732 3802 1792 instituta
3856 1733 3940 1793 est
3970 1736 4208 1796 confessio
4254 1741 4552 1801 mentalis

3145 1858 3328 1918 peccatorum
3336 1859 3343 1919 /
3366 1860 3473 1920 Sed
3511 1862 3649 1922 duntur
3680 1862 3733 1922 ex
3771 1863 3901 1923 quo
3925 1864 4016 1924 tempore
4039 1864 4207 1924 legis
4230 1866 4421 1926 morsi
4445 1866 4558 1926 nulls

3161 1983 3500 2043 tenebatur
3537 1985 3771 2045 confiteri
3813 1982 4097 2042 vocabitur
4128 1982 4233 2042 ore
4263 1983 4282 2043 /
4301 1984 4412 2044 quando
4454 1987 4503 2047 et

3156 2097 3277 2157 ubi
3298 2101 3398 2161 tempore
3426 2106 3612 2166 nove
3662 2106 3848 2166 legis
3876 2102 4182 2162 instituta
4225 2102 4303 2162 est
4339 2103 4553 2163 confessio

3151 2217 3262 2277 ista
3304 2223 3398 2283 sic
3431 2226 3661 2286 facienda
3703 2226 3866 2286 sacramenti
3891 2224 3993 2284 eroptur
4019 2223 4087 2283 quod
4113 2222 4249 2282 mo
4274 2223 4368 2283 tempore
4393 2225 4538 2285 legis

3152 2341 3389 2401 mosi
3435 2345 3579 2405 erat
3620 2346 3823 2406 fienda
3883 2346 3968 2406 certo
3995 2346 4133 2406 nmodo
4146 2346 4323 2406 peccatorum
4357 2352 4567 2412 confessio

3159 2459 3266 2519 quando
3282 2463 3374 2523 scilicet
3397 2465 3543 2525 necessta
3635 2466 3927 2526 occrebat
3958 2466 3973 2526 /
3981 2466 4088 2526 sicut
4104 2469 4443 2529 dixitlosue
4473 2477 4549 2537 aqu

3159 2588 3257 2648 ior
3302 2584 3635 2644 deprehenso
3681 2584 3756 2644 in
3779 2587 4105 2647 anathente
4135 2590 4150 2650 /
4165 2591 4210 2651 pro
4234 2594 4354 2654 quo
4384 2598 4581 2658 percussus

3189 2702 3338 2762 fuit
3368 2702 3540 2762 poplus
3585 2702 3682 2762 fli
3705 2703 3764 2763 da
3794 2705 3973 2765 gloriam
3996 2707 4085 2767 deo
4131 2711 4190 2771 et
4220 2720 4497 2780 confitere

3176 2820 3338 2880 peccatum
3377 2820 3501 2880 tuum
3528 2822 3697 2882 Iosue
3736 2824 3748 2884 7
3814 2826 3898 2886 Ita
3944 2828 3996 2888 et
4028 2831 4328 2891 ionathas
4354 2834 4510 2894 consi¬

3182 2942 3402 3002 tebatur
3437 2944 3836 3004 prevaritationem
3857 2946 3981 3006 suam
4008 2947 4132 3007 qua
4160 2948 4291 3008 contra
4311 2950 4511 3010 adra

3151 3063 3393 3123 cionem
3439 3064 3647 3124 Sauli
3674 3066 3848 3126 patris
3882 3066 3942 3126 de
3962 3068 4063 3128 non
4089 3072 4458 3132 comedendo
4479 3077 4565 3137 usqu

3158 3184 3228 3244 ad
3251 3185 3532 3245 vespam
3578 3186 3858 3246 commedit
3906 3186 4155 3246 defavo
4201 3188 4427 3248 mellis
4449 3174 4539 3234 sptur

3198 3306 3369 3366 regum
3438 3306 3493 3366 4o
3528 3306 3665 3366 craciaam
3700 3306 3837 3366 erat
3871 3309 3974 3369 tuc
4022 3315 4242 3375 generalis
4263 3325 4463 3385 confessio

3157 3434 3309 3494 quam
3324 3432 3604 3492 sacerdos
3643 3432 3915 3492 confitebatur
3947 3433 4011 3493 in
4027 3436 4210 3496 gnali
4234 3442 4377 3502 peccata
4434 3452 4569 3512 totius

3169 3556 3302 3616 popli
3331 3556 3509 3616 dicens
3538 3556 3856 3616 peccavius
3878 3556 3945 3616 in
3967 3557 4122 3617 iunste
4159 3560 4292 3620 eglaimius
4329 3562 4395 3622 in
4410 3564 4543 3624 iquter

3155 3676 3451 3736 fecimus
3495 3676 3624 3736 Im
3653 3672 3950 3732 sacerdos
3993 3672 4058 3732 in
4073 3674 4203 3734 reti
4232 3677 4377 3737 lege
4413 3683 4499 3743 seit

3154 3800 3224 3860 in
3246 3799 3395 3859 ano
3430 3797 3601 3857 positis
3629 3796 3970 3856 manibus
3991 3796 4176 3856 super
4204 3797 4411 3857 caput
4453 3798 4588 3858 hirci

3145 3920 3546 3980 confitebatur
3607 3916 3777 3976 omnes
3815 3914 4170 3974 iniquitabues
4193 3917 4393 3977 filiorum
4416 3923 4533 3983 istil

3148 4038 3219 4098 in
3241 4038 3377 4098 quim
3426 4036 3483 4096 et
3513 4036 3619 4096 tunc
3669 4034 4055 4094 dimittebatur
4083 4036 4148 4096 in
4155 4039 4355 4099 desertum
4391 4047 4505 4107 utet

3145 4167 3413 4227 levitici
3445 4166 3500 4226 16
3571 4164 3650 4224 Et
3674 4164 3792 4224 ista
3832 4162 4061 4222 publica
4092 4164 4408 4224 confessio
4441 4164 4527 4224 est

3158 4284 3301 4344 erat
3357 4288 3619 4348 quedam
3650 4286 3968 4346 disposicio
4024 4285 4096 4345 ad
4119 4284 4477 4344 petendum

3144 4410 3347 4470 misericordiam
3383 4410 3491 4470 dei
3505 4410 3513 4470 /
3528 4410 3629 4470 sicut
3658 4409 3723 4469 et
3759 4408 3903 4468 modo
3926 4406 4143 4466 sacridos
4186 4406 4258 4466 in
4280 4406 4490 4466 eclesia

3152 4527 3590 4587 confitentur
3621 4527 3684 4587 se
3715 4528 3966 4588 peccasse
4020 4530 4224 4590 petunt
4294 4527 4505 4587 mseicndiam

3147 4649 3277 4709 sibi
3326 4648 3384 4708 et
3424 4648 3547 4708 toti
3571 4650 3709 4710 proplo
3751 4652 3890 4712 pum
3914 4652 4086 4712 protunc
4151 4652 4315 4712 eratur
4339 4646 4542 4706 quedam

3143 4772 3447 4832 confessio
3479 4769 3698 4829 peccatorum
3745 4770 3823 4830 in
3847 4772 4308 4832 oblacionibus
4331 4770 4347 4830 /
4363 4766 4527 4826 sicut

3134 4906 3248 4966 patet
3271 4898 3522 4958 levitici
3553 4894 3621 4954 4to
3643 4892 3704 4952 et
3727 4891 3819 4951 o
3841 4890 3849 4950 /
3872 4890 4062 4950 calis
4116 4892 4245 4952 Uubi
4267 4893 4503 4953 precepta¬

3150 5020 3389 5080 erantur
3430 5016 3690 5076 oblaciones
3731 5014 3930 5074 varie
3985 5012 4047 5072 et
4088 5012 4321 5072 sacraificia
4389 5012 4505 5072 alia

3148 5148 3217 5208 et
3260 5144 3391 5204 alia
3443 5142 3644 5202 gnerum
3670 5140 3931 5200 diurisorum
3957 5140 4010 5200 pro
4018 5140 4253 5200 diverui
4296 5141 4514 5201 gneribus

3135 5277 3368 5337 peccatorum
3402 5282 3468 5342 et
3494 5282 3593 5342 sic
3635 5280 4009 5340 exsacrificiis
4035 5276 4243 5336 unus
4268 5274 4310 5334 in
4327 5272 4526 5332 telpxoio

3165 5408 3346 5468 peccatum
3383 5412 3542 5472 altius
3564 5412 3572 5472 /
3587 5413 3738 5473 protuct
3783 5414 3919 5474 autem
3949 5412 4077 5472 non
4092 5412 4243 5472 fuit
4288 5412 4394 5472 ista
