5166 6804
1394 1216 2810 1313 iquitatis et cum defeceritis recipiant vos in /
1382 1334 2806 1441 eterna tabernacula prestante domino nostro ihesu
1388 1462 2688 1557 Cristo benedicto in secula seculorum Amen
1706 1582 2854 1675 icut cura infirmitatum corporalium
1690 1714 2796 1809 non committitur passim omnibus / licet
1722 1838 2802 1943 multi ingerant / se cum periculo cor¬
1382 1960 2768 2061 poris infirmi / et anime  proprie / sic congruum
1406 2074 2774 2185 fuit ut in firmitas spiritualis que peccatum est
1382 2196 2806 2305 mortale non committere curanda / nisi per
1354 2324 2832 2425 medicum spiritualem / Hoc est per sacerdotem
1398 2444 2788 2547 sacerdos enim est minister dei / procurator
1410 2565 2788 2666 est medicus / et iudex est mediator /
1414 2683 2786 2790 et reconciliator / inter hominem et deum
1370 2800 2818 2907 / minister serviendo sibi / die ac nocte / procura¬
1402 2922 2868 3039 tor et dispensator sacramentorum Sicut dicit apostolus
1398 3050 2834 3157 1 eciam corinthiorum 4o / Sic nos existimet homo
1404 3172 2906 3280 ut ministros Cristi et dispensatores misteriorum
1414 3302 2838 3396 dei glosa ubi id est sacermentorum / Et est confessor
1408 3420 2816 3530 spiritualis / medicus deputatus pro cura sui /
1679 3550 2838 3656 egroti scilicet peccatoris Sicut ergo infirmus
1408 3663 2850 3778 corporaliter non sine periculo subterfugit medicum
1400 3785 2778 3892 et eius corporalem medicinam que sibi potest /
1386 3909 2870 4008 prodesse non obesse / ita et egrotus spiritualiter
1386 4023 2786 4136 debet infirmitatem suam spiritualem scilicet peccatum
1402 4144 2778 4257 eidem manifestare / et se eiusdem cure
1396 4270 2820 4383 committere / habet ergo confessor digne officium fidelis
1400 4398 2808 4513 medici / cui quot noscere distinccionem et diver¬
1394 4530 2794 4657 sitatem pulsuum id est motuum cordis que
1398 4668 2798 4785 sunt desideria Varia / et Varie delectaciones
1398 4794 2786 4907 ipsius eciam est noscere desiderium revertendi
1384 4924 2888 5032 ad deum an sit validum / et forte inconsistentem /
1398 5054 2774 5154 et an vitalis color id est vera dileccio dei
1406 5166 2838 5279 sit in eo fortis vel debilis / et an sudor
1404 5280 2758 5387 lacrimarum sit multus vel paucus et /
1388 5395 2860 5517 habundas in omnibus / membris in quibus
3168 1196 4566 1308 deum offendit / et hoc est quando confitens
3154 1327 4536 1433 dolet in speciali de omnibus peccatis in /
3160 1451 4544 1555 deum commisset / et de quolibet in speciali /
3158 1577 4578 1673 et an veniam fecerit in eo adhic adhuc
3156 1695 4562 1789 aliquua reliquere precedencium peccatorum / et de /
3144 1822 4522 1923 eius dicta / quomodo velit se habere pro futuro
3150 1948 4534 2061 Ista sunt officia discreti medici et in /
3164 2074 4516 2184 hoc eciam constituitur iudex ad absolvendum
3158 2200 4522 2314 vel ligandum et proissum est petro Mt 18
3142 2342 4538 2438 Est eciam reconciliator quibus remittit
3160 2466 4512 2568 remitteretur / Iohannis 2o Ex istis ergo patet
3146 2600 4508 2696 quod digne peccator debet confiteri sua vulnera
3168 2720 4520 2836 spiritualia / et detegere soli sacerdoti / primo
3152 2841 4584 2954 ut consulat / tamquam minister sciens voluntatem
3150 2979 4540 3066 domini sui / quia salus ubi multa con¬
3180 3095 4490 3203 silia Pro verbis xxiiiio 2o ut tamquam
3154 3223 4548 3331 procurator corrigat et peccata sibi et peri¬
3148 3344 4500 3456 cula in quibus fuit  exponat / 3o /
3136 3472 4504 3588 ut tamquam medicus spiritualis / medi¬
3156 3594 4518 3704 cinam specialem applicet / infudendo
3140 3718 4520 3842 oleum misericordie / et vinum serenitatis et iusticie
3154 3842 4542 3962 4to ut tamquam iudex reum absolvat /
3166 3986 4506 4094 vi clavium / et auctoritatis sibi tradite a Cristo
3154 4116 4566 4222 quorum remiseritis peccata remittuntur eis Iohannis
3142 4238 4514 4345 2o / 5to ut tamquam mediator suf¬
3140 4365 4508 4473 fragium oracionis confitenti / inpendat
3134 4494 4494 4592 et tamquam reconciliator / in priorem
3140 4628 4510 4718 statum scilicet innocencie restituat / et /
3130 4756 4552 4858 ad hereditatem et celestem curiam quam /
3130 4881 4554 4978 perdiderat faciat heredem exemplum habemus
3138 4997 4496 5102 de david / Qui confessus peccata sua
3132 5114 4498 5236 coram natham propheta audivit trans¬
3138 5252 4530 5362 tulit dominus peccatum suum Regum 2o capitulo Unde
3148 5384 4568 5492 quis abscondit peccatum suum non dirigetur /
