5166 6804
1456 1170 2832 1276 et verbis et cogitacionibus servandus /
1436 1262 2864 1398 est debitus modus / quia ut dicit Ambrosius 8vo
1462 1407 2872 1524 libro super lucam in omnibus modus queritur
1432 1529 2842 1654 quidquid enim habudancius est a malo est In lo¬
1454 1649 2898 1778 cucionibus tamen precipue servandus est modus
1434 1785 2882 1898 et mensura ne quid precipitanter vel falsi vel
1466 1906 2870 2018 reprehensibilis loquamur Unde gregorius super isto
1484 2038 2856 2140 iob 6o Et loquentes illud quod iustum est iu¬
1470 2161 2856 2261 dicate / qui in dictis suis reprobari me¬
1466 2291 2850 2375 tuit / ipse prius debet examinare quod dicit quatenus
1454 2409 2810 2502 inter cor et liguam iustus discretus que
1478 2531 2850 2632 arbiter sedeat / subtiliter pensans si recta
1462 2653 2826 2764 verba cor offerat / que utiliter suscipiens
1458 2773 2842 2870 ad auditorum iudicium ligua perducat / Et
1468 2897 2824 2998 licet homo semper in locucione debeat
1460 3020 2846 3120 esse maturus / non levis / verax non
1466 3145 2870 3233 falsus / hoc tamen precipue debet observare in com¬
1454 3256 2852 3355 puccione quam deo facimus / de vita nostra
1468 3378 2858 3475 in confessione scilicet quam sacerdoti tanquam
1460 3497 2840 3606 dei vicario / preceptum est nobis facere et /
1474 3622 2854 3724 facimus / ut non solum in premeditate / non
1498 3737 2900 3846 solum vera sed eciam recta intencione / sis
1472 3865 2906 3972 opertet / Nam in confessione tanquam videritis testi¬
1478 3983 2848 4094 bus creditur quidquid pro nobis seu contra nos
1472 4107 2898 4232 dixerimus Ob hoc graviter peccamus / si scienter
1446 4233 2930 4355 ibi falsum testimonium protulerimus / aut incau¬
1454 4351 2858 4471 tum aut dolosum Nam dicit Ambrosius Super
1462 4459 2862 4594 Beati inmaculati / periculum est dicere non solum
1450 4581 2900 4722 falsa / sed eciam vera / si hiis non hiis quibus
1464 4713 2850 4840 opertet vel aliter quam oportet insinuamus / Unde
1454 4841 2866 4960 et generatur 4x vicium / vel adulacionis / vel
1452 4971 2890 5076 avaricie vel iactancie ve loquacitatis
1438 5091 2838 5206 incaute Et Bernhardus de nova milicia
1426 5223 2838 5338 Quisquis verbum confessionis in ore habet et
1458 5355 2832 5458 in corde non habet aut dolosus est aut
3188 1168 4592 1275 vanus Qui vero in corde habet et non
3240 1292 4616 1395 in ore / aut superbus est aut timidus
3218 1422 4582 1525 et nullum talem dimittitur peccatum / interim / quod
3220 1548 4632 1647 non confitetur debite de eisdem / sint dicit Augustinus
3214 1674 4656 1775 super psalmum Elige quod vis si non confessus lates
3228 1806 4572 1903 dampnabilis / si confessus fueris salvaberis
3232 1921 4590 2010 Ad hoc enim deus exigit confessionem
3226 2036 4610 2132 ut liberet humilem / Ad hoc dampnat non
3222 2160 4588 2248 confitentem / ut puniat superbum Quia ergo
3198 2272 4576 2369 peccata fugere / non possumus que commisius
3200 2394 4610 2493 / ideo pure confiteamur / confugiendo ad misericordiam
3212 2518 4568 2611 Cristi / qui solus liberare potest per humilem et
3232 2640 4620 2733 veram confessionem Unde dicit Augustinus super
3226 2766 4606 2860 Iohannem Servus peccati / quocumque fugerit
3220 2878 4566 2976 peccatum secum trahit / quo enim fugerit / non
3216 3000 4578 3101 fugit a se mala consciencia / ymo perpetuum sequitur
3228 3122 4600 3225 quia peccatum intus est Si vis audire con¬
3250 3247 4586 3352 silium / si vis a deo fugere / fuge ad ipsum
3230 3363 4590 3468 fuge confitendo / non ab ipso latendo con¬
3234 3496 4598 3591 fiteri enim potes / latere non potes / Ex
3226 3624 4656 3715 quibus patet quod confidenter est homini digne
3240 3742 4584 3837 appellare / ad tribunal confessoris / in quo
3216 3854 4596 3955 ut dicit willelmus in de sacramentis capitulo 4o / sedet
3218 3985 4576 4083 misericordia dei / tamquam iudex / et accusat
3218 4105 4598 4199 iusticiam a qua in hoc iudicione / licet ap¬
3206 4225 4626 4320 pellare ad misericordiam / que sentenciam dictandam
3214 4342 4638 4436 per dei iusticiam mitigat sicut patet de in
3218 4460 4612 4561 minuitatis	 / quos iusticia sentenciavit submer¬
3206 4584 4628 4685 gendos / penitencia et confessio temperat et re¬
3204 4700 4614 4817 vocavit Ione 3o Sic ezechias audivit
3212 4822 4640 4947 de iusticia mortem suam / et quando flevit ad
3200 4946 4642 5065 penitenciam confugit / non solum meruit re¬
3232 5072 4608 5197 vocacionem sentencie / sed eciam augmentacionem
3206 5208 4590 5319 annorum Vite sue 15 annis ut patet ysaie
3214 5342 4582 5453 38uo Sic achas pessimus penas
