5166 6845
735 1292 812 1352 sed
821 1289 974 1349 ulto
1016 1286 1118 1346 hoc
1152 1285 1288 1345 peccato
1315 1284 1382 1344 seut
1407 1282 1637 1342 osserunt
1663 1280 1731 1340 nt
1765 1276 2012 1336 exptats

720 1414 1131 1474 temptacione
1165 1409 1221 1469 sed
1235 1405 1492 1465 prveiunt
1527 1397 1826 1457 voluntatem
1867 1396 2055 1456 Copoa¬

712 1535 834 1595 eciam
871 1532 1137 1592 agrguat
1160 1530 1175 1590 /
1190 1530 1266 1590 quia
1282 1528 1539 1588 quociens
1562 1526 1729 1586 peccatum
1760 1526 2033 1586 committitur

681 1645 918 1705 torieuns
947 1650 1248 1710 precedens
1270 1651 1349 1711 sit
1378 1650 1564 1710 gravius
1600 1648 1665 1708 et
1693 1646 1952 1706 quoties
1973 1646 2088 1706 itacr

712 1764 918 1824 tociens
953 1771 1030 1831 est
1059 1773 1265 1833 novum
1293 1774 1463 1834 peccatum
1499 1772 1562 1832 Et
1591 1772 1647 1832 ad
1668 1772 1782 1832 hoc
1831 1773 1945 1833 enim
1966 1775 2051 1835 eciam

677 1881 767 1941 potest
783 1888 1002 1948 reduci
1040 1892 1320 1952 veidivia
1373 1894 1395 1954 id
1410 1894 1449 1954 est
1456 1894 1706 1954 iteatus
1744 1892 1934 1952 casus
1964 1892 2047 1952 in¬

673 2010 850 2070 peccatum
865 2010 880 2070 /
896 2010 1011 2070 qui
1043 2012 1273 2072 lapsus
1312 2012 1589 2072 agquat
1619 2012 1697 2072 propter
1720 2012 2042 2072 magtuum

667 2130 765 2190 quia
783 2128 926 2188 pus
944 2128 998 2188 per
1025 2127 1329 2187 confessione
1373 2126 1588 2186 visilter
1606 2125 1749 2185 peccata
1794 2124 1910 2184 sua
1937 2124 2044 2184 sue

672 2248 797 2308 runt
842 2245 959 2305 sibi
989 2242 1314 2302 micorditur
1359 2238 1374 2298 a
1404 2238 1499 2298 deo
1543 2236 1817 2296 dimissa
1884 2236 1943 2296 et
1973 2236 2076 2296 hic

711 2356 879 2416 quasi
919 2354 987 2414 in
1005 2353 1178 2413 meor
1229 2352 1287 2412 et
1316 2350 1639 2410 ingratus
1668 2350 1794 2410 itum
1817 2348 1985 2408 cadit

725 2470 919 2530 fpxus
946 2468 1036 2528 eciam
1056 2467 1311 2527 agregat
1345 2468 1518 2528 peccatum
1545 2468 1614 2528 quia
1642 2467 1786 2527 cetis
1807 2465 2020 2525 peribus

672 2593 856 2653 peccatum
879 2592 964 2652 vi
995 2592 1087 2652 est
1118 2590 1302 2650 graius
1333 2590 1494 2650 quam
1518 2590 1810 2650 mulieris
1848 2587 2002 2647 quia

671 2708 872 2768 forcior
907 2706 994 2766 est
1029 2706 1056 2766 a
1125 2706 1440 2766 cesiscendum
1467 2706 1598 2766 certis
1624 2706 1808 2766 peccatis
1834 2707 1843 2767 /
1861 2708 1922 2768 et
1949 2709 2036 2769 habet

711 2826 946 2886 neaiore
983 2824 1152 2884 racionere
1189 2826 1351 2886 quam
1380 2827 1549 2887 multer
1564 2828 1579 2888 /
1593 2828 1652 2888 et
1681 2826 1777 2886 potest
1799 2823 2064 2883 agnoscere

673 2948 793 3008 que
846 2943 906 3003 et
946 2940 1073 3000 quo
1106 2938 1186 2998 sit
1226 2936 1519 2996 facienda
1580 2936 1706 2996 aut
1753 2936 2059 2996 amiteda

728 3062 859 3122 his
887 3055 988 3115 eciam
1010 3051 1182 3111 adit
1233 3048 1414 3108 Augusts
1449 3046 1507 3106 in
1521 3046 1651 3106 prdum
1687 3047 1723 3107 ut
1730 3048 1802 3108 patet
1817 3049 1860 3109 ien
1875 3052 2004 3112 inpom

674 3175 816 3235 psiter
838 3172 1051 3232 mediure
1087 3169 1158 3229 in
1172 3168 1315 3228 quam
1336 3166 1550 3226 servantum
1600 3166 1664 3226 in
1686 3166 1728 3226 ex
1763 3166 1863 3226 eque
1892 3167 2013 3227 ndo

685 3282 866 3342 opus
897 3282 1031 3342 peccati
1062 3280 1070 3340 /
1093 3280 1155 3340 quod
1172 3280 1266 3340 potest
1289 3278 1353 3338 in
1368 3278 1564 3338 luptalitur
1588 3281 1823 3341 gravari
1878 3287 1972 3347 ex¬

668 3394 884 3454 modour
912 3392 1002 3452 ita
1058 3390 1135 3450 quod
1162 3390 1371 3450 aliquando
1420 3392 1663 3452 tcahit
1705 3400 2032 3460 ingenusmus

675 3510 851 3570 nostram
889 3506 942 3566 de
966 3506 1241 3566 quibus
1280 3508 1456 3568 taceo
1494 3513 1693 3573 proptesentti
1739 3516 1846 3576 Sed
1877 3518 1931 3578 ex
1969 3518 2022 3578 quo

670 3620 973 3680 confiteri
1015 3621 1233 3681 aliquando
1261 3624 1437 3684 istas
1472 3628 1922 3688 circumstacias
1979 3628 2021 3688 est

660 3734 907 3794 preceptum
939 3736 1146 3796 aliquando
1170 3738 1409 3798 consilium
1441 3740 1576 3800 ubi
1608 3740 1728 3800 hoc
1768 3738 1856 3798 est
1879 3736 2015 3796 sun¬

677 3846 828 3906 datum
864 3846 936 3906 in
950 3847 1195 3907 sciptura
1252 3851 1440 3911 biblie
1491 3854 1699 3914 Rrespondet
1757 3854 2002 3914 allexad

664 3949 732 4009 de
749 3953 964 4013 hallis
990 3956 1068 4016 quod
1085 3958 1188 4018 eciam
1197 3958 1248 4018 si
1283 3958 1325 4018 ex
1368 3960 1505 4020 presest
1541 3962 1652 4022 non
1669 3965 1927 4025 precipitur
1953 3971 2031 4031 tame¬

666 4066 986 4126 insimat
1033 4068 1244 4128 nobis
1285 4070 1360 4130 in
1380 4070 1632 4130 viboque
1659 4072 1870 4132 testantito
1910 4076 2039 4136 Inpe

659 4181 785 4241 teri
823 4178 964 4238 lexe
995 4176 1092 4236 primo
1114 4178 1376 4238 levitici
1413 4181 1472 4241 4o
1502 4183 1585 4243 ut
1607 4184 1659 4244 per
1682 4186 1846 4246 diuse
1877 4186 2033 4246 peccatis

664 4287 932 4347 precipunitur
967 4284 1157 4344 duisa
1200 4289 1434 4349 sacriicia
1470 4293 1487 4353 /
1504 4296 1781 4356 offenda
1825 4297 1877 4357 per
1895 4294 2024 4354 saris

674 4400 889 4460 dotem
927 4396 1009 4456 ut
1054 4396 1364 4456 sacerdos
1403 4398 1662 4458 vitulum
1687 4400 1732 4460 si
1769 4398 2029 4458 peccavit

642 4512 701 4572 pret
715 4503 1098 4563 ignorantiam
1128 4502 1165 4562 pr
1179 4502 1231 4562 se
1268 4502 1540 4562 offebat
1577 4504 1600 4564 /
1621 4504 1680 4564 et
1710 4504 1952 4564 pretipue

673 4620 870 4680 ircum
914 4616 972 4676 de
984 4614 1219 4674 capris
1238 4612 1257 4672 /
1283 4610 1479 4670 capm
1524 4608 1664 4668 vero
1701 4606 1898 4666 prouno
1943 4601 2006 4661 de

688 4736 804 4796 proptilo
834 4728 958 4788 ubi
989 4722 1389 4782 indistincte
1451 4722 1567 4782 divur
1582 4720 1705 4780 sariem
1728 4717 1775 4777 per
1782 4713 1990 4773 sonarum

665 4842 941 4902 inmuntur
969 4838 1033 4898 quod
1048 4838 1146 4898 sunt
1182 4836 1501 4896 confitende
1550 4834 1919 4894 circumstancie
1947 4828 2132 4888 peccatorum

646 4960 770 5020 ste
813 4957 820 5017 1
916 4955 937 5015 1
1061 4951 1258 5011 Quid
1317 4948 1375 5008 est
1403 4946 1674 5006 dilectus
1703 4942 1921 5002 meus
1951 4940 2038 5000 in¬

665 5066 860 5126 domo
893 5064 1048 5124 mea
1088 5061 1242 5121 fecit
1276 5057 1464 5117 scelea
1511 5052 1739 5112 multa
1780 5050 1908 5110 ubi
1941 5050 2022 5110 in

644 5178 915 5238 sinvatur
950 5177 1131 5237 locus
1173 5173 1236 5233 et
1257 5168 1472 5228 persona
1507 5163 1744 5223 dilectus
1785 5162 1994 5222 meus

654 5290 922 5350 miovo
952 5290 1176 5350 testatito
1198 5285 1326 5345 siliter
1363 5280 1483 5340 hoc
1520 5276 1894 5336 insinuatur
1916 5282 1990 5342 in

670 5398 833 5458 nutis
866 5398 995 5458 locis
1022 5395 1103 5455 primo
1130 5389 1456 5449 crmistaie
1490 5383 1632 5443 parie
1693 5382 1781 5442 perlimo
1808 5382 1883 5442 seo
1903 5385 2032 5445 petur

644 5473 718 5533 2o
780 5486 1078 5546 Melius
1121 5488 1270 5548 erat
1314 5487 1419 5547 es
1456 5485 1680 5545 vriam
1729 5487 2020 5547 veritatis

2481 1291 2577 1351 naon
2608 1293 2897 1353 agnoscetur
2919 1294 3054 1354 quam
3069 1294 3157 1354 post
3187 1294 3433 1354 agntaur
3463 1292 3745 1352 retrorsum

2415 1403 2629 1463 comnecti
2664 1405 2726 1465 ab
2740 1406 2802 1466 eo
2850 1408 2919 1468 quod
2941 1410 3203 1470 traditum
3245 1410 3328 1470 est
3362 1409 3514 1469 illis
3542 1408 3659 1468 sacto
3687 1403 3832 1463 mria¬

2410 1512 2548 1572 dato
2599 1512 2708 1572 usnde
2730 1514 2962 1574 vierius
2984 1518 3151 1578 pluts
3202 1522 3383 1582 peccat
3428 1524 3580 1584 quam
3609 1525 3899 1585 gentilis

2422 1626 2580 1686 catis
2606 1628 2837 1688 peribus
2883 1629 2949 1689 in
2975 1630 3127 1690 eode
3153 1632 3292 1692 peccato
3325 1632 3338 1692 /
3358 1633 3437 1693 quia
3456 1634 3714 1694 maiora
3766 1636 3865 1696 ado

2412 1739 2672 1799 recepit
2715 1744 2863 1804 igitur
2884 1746 3053 1806 plus
3074 1746 3257 1806 tenetur
3279 1744 3377 1804 eum
3413 1744 3624 1804 diligere
3652 1744 3716 1804 et
3744 1744 3793 1804 se

2409 1859 2720 1919 custodire
2772 1858 3009 1918 abeius
3045 1860 3282 1920 offensa
3335 1860 3453 1920 Itm
3468 1860 3593 1920 oi
3690 1856 3830 1916 a

2412 1972 2489 2032 es
2521 1972 2707 2032 ingr
2737 1973 2815 2033 in
2823 1974 2963 2034 isteri
2994 1976 3056 2036 et
3102 1976 3219 2036 hec
3258 1975 3560 2035 ignoras
3591 1970 3661 2030 qui
3677 1965 3832 2025 diceret

2429 2089 2730 2149 ignoranine
2769 2086 2939 2146 plus
2970 2087 3025 2147 est
3048 2088 3326 2148 culpaitem
3356 2090 3410 2150 in
3427 2090 3542 2150 gracio
3573 2086 3712 2146 quam
3735 2082 3797 2142 in

2471 2208 2579 2268 alio
2605 2208 2719 2268 Iem
2747 2205 3069 2265 crumstania
3116 2204 3230 2264 temporis
3264 2202 3364 2262 hbetu
3405 2200 3593 2260 merari
3694 2198 3794 2258 iubi

2420 2318 2568 2378 dominus
2607 2316 3018 2376 interrogat
3050 2312 3262 2372 ptrem
3294 2309 3506 2369 luatici
3538 2304 3821 2364 quantum

2442 2436 2570 2496 tempis
2611 2435 2767 2495 hret
2814 2433 2855 2493 ex
2902 2431 3024 2491 quo
3064 2428 3173 2488 hoc
3221 2426 3281 2486 ei
3316 2422 3525 2482 accidit
3552 2418 3613 2478 et
3640 2416 3721 2476 sic

2442 2549 2614 2609 tempus
2649 2554 2950 2614 cruistacia
3000 2551 3087 2611 est
3122 2546 3352 2606 negorim
3380 2540 3495 2600 Im
3524 2535 3760 2595 circuscionia

2455 2668 2560 2728 loci
2614 2670 2700 2730 at
2737 2670 2853 2730 23o
2908 2668 2963 2728 et
2988 2666 3054 2726 Ioh
3146 2663 3208 2723 2o
3244 2658 3373 2718 ubi
3409 2649 3727 2709 ementes
3764 2638 3819 2698 et

2463 2780 2820 2840 vendentes
2858 2777 3021 2837 eiecit
3077 2769 3391 2829 detemplo
3423 2760 3636 2820 Isctetum
3680 2754 3843 2814 autemlei

2418 2893 2515 2953 non
2539 2890 2783 2950 converncunt
2840 2888 2921 2948 quod
2938 2886 3067 2946 tales
3099 2882 3408 2942 cirumstant
3448 2878 3586 2938 sunit
3619 2874 3797 2934 necessarie

2402 3009 2709 3069 confitene
2746 3005 2947 3065 semper
2992 3001 3104 3061 fed
3164 2996 3440 3056 congum
3493 2991 3552 3051 et
3597 2987 3776 3047 utile

2428 3122 2466 3182 ut
2483 3120 2538 3180 paet
2565 3119 2604 3179 ex
2642 3115 2839 3175 dictis
2894 3111 2972 3171 etco

2466 3221 2600 3281 Sed
2635 3213 2897 3273 dubitatur
2925 3206 3089 3266 dctum
3124 3202 3208 3262 est
3244 3200 3378 3260 supera
3406 3198 3470 3258 quod
3491 3198 3576 3258 non
3604 3198 3689 3258 est

2437 3334 2581 3394 utile
2618 3327 2835 3387 confiteri
2849 3322 3073 3382 circuscam
3102 3318 3448 3378 diminmuetus
3478 3316 3650 3376 peccatum
3680 3314 3810 3374 quodo

2398 3450 2505 3510 tunc
2550 3438 2870 3498 confessor
2901 3430 2992 3490 potest
3016 3426 3267 3486 evitare
3313 3426 3420 3486 quando
3450 3428 3656 3488 clavit
3686 3434 3808 3494 scicie

2411 3555 2701 3615 errabit
2749 3550 2829 3610 in
2845 3547 2934 3607 in
2950 3544 3207 3604 poncio
3247 3542 3464 3602 pententiam
3504 3542 3593 3602 quia
3609 3542 3689 3602 sic
3738 3544 3810 3604 er¬

2428 3662 2611 3722 raret
2657 3657 3040 3717 inponendo
3075 3652 3338 3712 maiorem
3372 3650 3561 3710 penitentiam
3589 3650 3727 3710 quod

2391 3775 2632 3835 deberet
2665 3774 2678 3834 /
2699 3774 2759 3834 et
2786 3772 2893 3832 iste
2940 3772 3248 3832 meriusse
3268 3770 3288 3830 /
3308 3770 3369 3830 quod
3382 3768 3449 3828 tamen
3475 3766 3710 3826 videtur
3744 3762 3804 3822 ese

2438 3890 2688 3950 prohibitum
2718 3885 2775 3945 de
2789 3882 2947 3942 penitencia
2982 3880 3097 3940 de
3205 3881 3469 3941 Spitualis
3505 3882 3663 3942 iudex

2391 4013 2531 4073 non
2560 4006 2780 4066 careat
2816 4004 3044 4064 mvlere
3066 4004 3183 4064 scie
3227 4004 3301 4064 oportet
3323 4004 3463 4064 enim
3492 4002 3558 4062 quod
3579 4000 3734 4060 sciat

2382 4130 2699 4190 cognoscere
2715 4128 2862 4188 quedqued
2885 4127 3048 4187 debet
3087 4124 3350 4184 iudicare
3396 4118 3698 4178 Iudiciania
3737 4114 3845 4174 enim

2423 4249 2577 4309 peccatis
2604 4246 2716 4306 hoc
2751 4242 3135 4302 expostulat
3164 4238 3171 4298 /
3192 4238 3268 4298 ut
3297 4236 3366 4296 quod
3380 4236 3457 4296 debet
3478 4236 3743 4296 iudicare

2393 4360 2658 4420 discernat
2693 4358 2944 4418 diliges
2972 4356 3115 4416 igitur
3144 4356 3329 4416 debet
3373 4354 3444 4414 in
3465 4352 3744 4412 quisicor

2402 4470 2663 4530 subtilis
2699 4470 3140 4530 investigator
3185 4472 3416 4532 sapietur
3452 4471 3517 4531 et
3553 4468 3756 4528 quasi

2406 4576 2606 4636 astute
2662 4580 2982 4640 interroget
3022 4582 3262 4642 apctore
3286 4582 3302 4642 /
3318 4581 3390 4641 quod
3406 4577 3694 4637 forsitan
3726 4567 3838 4627 ig¬

2440 4694 2631 4754 norat
2683 4694 2808 4754 pspntur
2841 4694 2907 4754 exe
2920 4694 3045 4754 dictis
3077 4694 3143 4754 quod
3163 4692 3485 4752 ciruscaie
3537 4682 3793 4742 alleiai

2391 4808 2571 4868 peccatum
2604 4810 2736 4870 non
2769 4810 2875 4870 sunt
2908 4810 3220 4870 confitende
3245 4808 3261 4868 /
3278 4808 3360 4868 quia
3393 4802 3647 4862 confessio
3680 4791 3819 4851 circum

2396 4928 2681 4988 scanciarum
2719 4928 2873 4988 non
2896 4926 3050 4986 precise
3088 4924 3166 4984 ideo
3204 4922 3281 4982 ut
3319 4917 3834 4977 confessorteliter

2381 5050 2687 5110 gravitatem
2710 5050 2843 5110 peccati
2891 5048 3212 5108 agneoscat
3244 5044 3347 5104 dosite
3370 5042 3386 5102 /
3409 5040 3488 5100 quia
3519 5037 3645 5097 nec
3684 5031 3825 5091 hanc

2393 5168 2609 5228 aliquando
2627 5167 2752 5227 scit
2788 5165 2905 5225 per
2923 5162 2976 5222 se
3004 5160 3210 5220 confitens
3227 5156 3245 5216 /
3264 5155 3326 5215 sed
3335 5151 3587 5211 sufficit
3622 5148 3686 5208 quod
3695 5146 3892 5206 nofat

2369 5279 2656 5339 gravitote
2698 5280 2824 5340 que
2873 5279 2964 5339 est
3006 5276 3251 5336 exgne
3286 5273 3419 5333 peccati
3440 5272 3454 5332 /
3468 5271 3580 5331 Sed
3608 5270 3678 5330 ideo
3713 5270 3881 5330 debet

2380 5389 2507 5449 fieri
2551 5388 2627 5448 ut
2678 5386 3059 5446 hmilitas
3097 5384 3154 5444 et
3192 5382 3516 5442 veciundia
3579 5378 3921 5438 confitentis

2404 5492 2495 5552 sit
2533 5497 2802 5557 equalis
2834 5496 3041 5556 ipsiuvo
3079 5493 3318 5553 superbie
3379 5492 3448 5552 in
3471 5492 3609 5552 peccato
3648 5494 3710 5554 et
3732 5498 3832 5558 vre¬
