5166 6804
1306 1225 2698 1315 Et de hoc dicunt concorditer doctores / quod racione
1298 1343 2732 1432 precepti divini et eciam ecclesie / quilibet peccator / mortaliter qui
1304 1449 2740 1564 peccavit tenetur confiteri / omnia sua peccata mortalia
1300 1570 2690 1680 de quibus prius non est confessus rite / et
1296 1687 2730 1798 de quibus potest habere memoriam premissa diligenti
1300 1815 2700 1914 preparacione et inquisicione / secundum possibilitatem fra¬
1298 1939 2708 2038 gilitatis humane / et hoc habet racionem ex isto / quia
1282 2057 2732 2169 pro quolibet peccato mortali / efficitur homo inimicus
1312 2167 2736 2281 dei / et fit etiam extra caritatem et unionem caritatis
1316 2283 2704 2396 ecclesie / sed per confessionem / homo reconciliatur deo
1294 2415 2780 2518 et ecclesie / et ad hoc instituta est confessio / ut
1318 2543 2764 2646 homo deo reconcilietur per suum vicarium et ecclesie / et
1318 2664 2718 2772 hoc ostendatur Ex hoc enim confessio sacramentalis dicitur
1338 2772 2708 2894 sacramentum ut dicit Wilhelmus parisiensis de sacramentis capitulo
1310 2914 2724 3005 27o / quia sacrat et sanctificat sucipientem / et
1330 3022 2800 3131 confitentem Et ideo eciam in eo ostenditur signum sensibile /
1324 3153 2724 3256 habens similitudinem cum ipsa sanctifficacione interiori / propter
1332 3285 2708 3386 hoc enim manus sacerdotis ponitur super capud
1330 3399 2704 3494 confitentis / que significat adesse divinam manum
1340 3521 2698 3614 sero virtutem / ad sanctifficandum penitentem /
1338 3633 2774 3738 Sic et absolucio sacramentalis ac benediccio / significat ab¬
1340 3759 2780 3862 solucionem interiorem / a spiritu sancto / quam omnipo¬
1324 3882 2836 3980 tentis dei virtus / atque clemencia operatur in penitente
1296 4002 2716 4102 Ita ut dicit idem doctor / hoc eciam significat / quando
1330 4119 2764 4214 penitentes solempniter qui per totam quadragesimam extra
1324 4242 2706 4338 ecclesiam fuerunt /  in die sancte cene introducuntur
1318 4364 2740 4458 per episcopum ad eandum cum accensis lucernis / ut videlicet
1338 4489 2742 4588 per peccata a domo dei exclusi / et a consorcio et
1340 4617 2734 4710 communione sanctorum separati / per penitenciam recuperantur et /
1330 4743 2750 4846 recipiuntur ad utrumque illorum Et quia lucerne eorum
1334 4867 2770 4966 que per peccata eorum extincte fuerunt / per confessionem
1330 4989 2722 5082 et penitenciam reviviscunt / ut igne spiritus sancti
1334 5115 2772 5206 ardeant et luceant / Dico notanter de quibus
1318 5245 2714 5342 prius non est rite confessus  quia ut dicit Sanctus
1334 5375 2786 5472 Thomas distinccione 17 4ti preceptum ecclesie in ista decretali
3067 1247 4475 1270 de penitenciis et remissionibus Omnis utriusque
3071 1351 4455 1374 sexus / non obligat hominem ad confitendum
3059 1487 4455 1502 omnia peccata sua / que per totam vitam commisit
3067 1604 4471 1627 omni anno denovo / quia non obligat eum
3071 1720 4507 1755 ad confitendum illa / que prius rite confessus
3063 1860 4523 1888 est / et a quibus absolutus est / sed sufficit sibi omnia
3063 1997 4471 2020 mortalia peccata confiteri / de quibus prius
3075 2109 4459 2136 non est confessus / Ymo dato / quod toto anno
3079 2230 4435 2269 non sit confessus / sufficit sibi confiteri ea
3079 2354 4471 2373 que isto anno commisit / et sic intelligitur
3071 2474 4483 2497 ista decretalis / Dico eciam diligenti perperam
3071 2599 4491 2618 racione / qualis ista esse debeat / docet Wilhelmus
3067 2739 4447 2754 ubi supra capitulo 28o ut confitens ydoneus
3075 2843 4487 2870 fiat / penitencialis satisfaccionis / primum est quod habeat
3071 2960 4519 2995 desiderium ad mundacionem a peccatis / 2o ut habeat
3083 3092 4515 3111 fidem obtinendi ipsam per illud sacramentum / 3o ut
3093 3212 4473 3235 habeat firmum propositum / non relabendi / sed
3073 3353 4465 3384 abstinendi ab omnibus peccatis mortalibus / 4o
3073 3477 4517 3500 ut habeat voluntatem satisfaciendi / et emendandi
3077 3602 4485 3637 vitam / ad consilum et arbitrium sui con¬
3085 3730 4477 3749 fessoris / et aliorum quorum cure commissus est /
3081 3866 4489 3889 ex quo sequitur / quod quis ipsum totaliter com¬
3089 3979 4489 4005 mittat suo confessori / et in pena sibi quasi
3085 4095 4497 4118 se ipsum persequatur / Dicit tamen ibidem quod solius
3085 4223 4493 4238 dei est nosse et metiri / quam fervens
3089 4328 4429 4347 desiderium / quanta fides ipsius sacramenti / et
3085 4440 4469 4467 quam vehemens propositum se emendandi /
3093 4560 4481 4595 et iterum se non relabendi Ad istam sancti¬
3085 4689 4509 4712 fficacionem requiratur / pie / tamen inquit credimus
3085 4805 4513 4828 eos qui cum fide huius sacramenti / et vehementi
3097 4925 4537 4949 desiderio redeundi in dei pacem et graciam /
3089 5050 4501 5069 licet timore infirmitatis sue / et oppresione
3085 5162 4481 5181 male consuetudinis non habeat propositum
3089 5299 4537 5314 abstinendi de consuetis / et eadem emen¬
3097 5415 4485 5438 dandi semper propositum / dummodo tamen peccandi
