<?xml version="1.0" encoding="UTF-8" standalone="yes"?>
<PcGts xmlns="http://schema.primaresearch.org/PAGE/gts/pagecontent/2013-07-15" xmlns:xsi="http://www.w3.org/2001/XMLSchema-instance" xsi:schemaLocation="http://schema.primaresearch.org/PAGE/gts/pagecontent/2013-07-15 http://schema.primaresearch.org/PAGE/gts/pagecontent/2013-07-15/pagecontent.xsd">
    <Metadata>
        <Creator>prov=READ-COOP:name=PyLaia@TranskribusPlatform:version=2.9.1:model_id=58811:lm=none:date=26_01_2024_07:10</Creator>
        <Created>2022-10-18T16:29:35.102+02:00</Created>
        <LastChange>2024-01-26T10:58:24.187+01:00</LastChange>
        <TranskribusMetadata docId="1657937" pageId="61501418" pageNr="98" tsid="146071063" status="FINAL" userId="8373" imgUrl="https://files.transkribus.eu/Get?id=JUESXPQETPQAZWXCCBAYYPFE&amp;fileType=view" xmlUrl="https://files.transkribus.eu/Get?id=VDUDQEGRDEJWSWOAVCIYAHBW" imageId="39673443"/>
    </Metadata>
    <Page imageFilename="DTL_2645812-0098.jpg" imageWidth="5166" imageHeight="6845">
        <ReadingOrder>
            <OrderedGroup id="ro_1706564735145" caption="Regions reading order">
                <RegionRefIndexed index="0" regionRef="region_1706253107027_290"/>
                <RegionRefIndexed index="1" regionRef="r1"/>
                <RegionRefIndexed index="2" regionRef="r2"/>
            </OrderedGroup>
        </ReadingOrder>
        <TextRegion type="drop-capital" id="region_1706253107027_290" custom="readingOrder {index:0;} structure {type:drop-capital;}">
            <Coords points="543,1678 986,1678 986,2178 543,2178"/>
        </TextRegion>
        <TextRegion orientation="0.0" id="r1" custom="readingOrder {index:1;}">
            <Coords points="612,1245 612,5560 2120,5560 2120,1245"/>
            <TextLine id="r1l1" custom="readingOrder {index:0;}">
                <Coords points="658,1355 1096,1357 1222,1316 1485,1361 1566,1324 1997,1348 1998,1215 1880,1192 1440,1218 1039,1170 660,1228"/>
                <Baseline points="668,1324 734,1320 801,1318 868,1315 935,1312 1002,1310 1068,1308 1135,1306 1202,1304 1269,1302 1336,1302 1402,1300 1469,1300 1536,1300 1603,1300 1670,1302 1736,1302 1803,1304 1870,1306 1937,1310 2004,1312"/>
                <TextEquiv>
                    <Unicode>in ista circumstancia accusandi in con¬</Unicode>
                </TextEquiv>
            </TextLine>
            <TextLine id="r1l2" custom="readingOrder {index:1;}">
                <Coords points="662,1497 1011,1438 1355,1440 1440,1494 1638,1446 1897,1481 1995,1446 1997,1348 664,1357"/>
                <Baseline points="672,1446 738,1441 804,1438 871,1434 937,1431 1004,1428 1070,1426 1136,1426 1203,1424 1269,1424 1336,1424 1402,1426 1468,1426 1535,1427 1601,1428 1668,1428 1734,1430 1800,1430 1867,1432 1933,1432 2000,1432"/>
                <TextEquiv>
                    <Unicode>fessione / et tunc erunt securi / et sic con¬</Unicode>
                </TextEquiv>
            </TextLine>
            <TextLine id="r1l3" custom="readingOrder {index:2;}">
                <Coords points="682,1603 754,1627 917,1570 1067,1603 1124,1568 1176,1603 1266,1551 1510,1595 1607,1560 1989,1579 1989,1485 1767,1496 1679,1448 1446,1494 1322,1440 682,1479"/>
                <Baseline points="692,1562 757,1556 822,1550 887,1546 952,1542 1017,1540 1082,1540 1147,1538 1212,1538 1277,1539 1343,1540 1408,1542 1473,1542 1538,1544 1603,1545 1668,1546 1733,1547 1798,1548 1863,1548 1928,1548 2020,1546"/>
                <TextEquiv>
                    <Unicode>fessor non suspicatur / de adulterio / vel</Unicode>
                </TextEquiv>
            </TextLine>
            <TextLine id="r1l4" custom="readingOrder {index:3;}">
                <Coords points="673,1710 714,1732 843,1671 974,1719 1189,1660 1246,1690 1656,1690 1658,1571 1612,1560 1531,1597 1272,1557 1176,1603 1126,1568 1072,1607 878,1571 771,1623 675,1608"/>
                <Baseline points="684,1680 732,1675 781,1670 830,1666 879,1664 928,1661 977,1658 1026,1657 1075,1656 1124,1654 1173,1654 1221,1654 1270,1654 1319,1654 1368,1655 1417,1656 1466,1656 1515,1658 1564,1660 1613,1662 1662,1662"/>
                <TextEquiv>
                    <Unicode>quod illud commiserit cum alieno etc.</Unicode>
                </TextEquiv>
            </TextLine>
            <TextLine id="r1l5" custom="readingOrder {index:4;} comment {offset:0; length:7;comment:Postquam;}">
                <Coords points="978,1803 1052,1840 1202,1778 1294,1827 1387,1786 1594,1845 1712,1801 2030,1801 2010,1660 1895,1701 1845,1664 1398,1699 1191,1658 978,1701"/>
                <Baseline points="988,1770 1040,1770 1092,1770 1144,1770 1197,1770 1249,1770 1301,1771 1354,1772 1406,1772 1458,1772 1511,1772 1563,1772 1615,1772 1667,1772 1720,1772 1772,1772 1824,1772 1877,1770 1929,1770 1981,1770 2034,1768"/>
                <TextEquiv>
                    <Unicode>Ostquam homo lapsus est in peccatum</Unicode>
                </TextEquiv>
            </TextLine>
            <TextLine id="r1l6" custom="readingOrder {index:5;}">
                <Coords points="1002,1917 1449,1904 1592,1945 1843,1908 1915,1969 2021,1928 2019,1812 1712,1801 1577,1845 1409,1790 1289,1825 1202,1778 1098,1832 1000,1823"/>
                <Baseline points="1012,1882 1062,1882 1113,1884 1164,1886 1214,1886 1265,1888 1316,1888 1366,1890 1417,1890 1468,1890 1519,1891 1569,1892 1620,1892 1671,1893 1721,1894 1772,1894 1823,1896 1873,1896 1924,1897 1975,1898 2026,1900"/>
                <TextEquiv>
                    <Unicode>mortale / debet vigilanter operari</Unicode>
                </TextEquiv>
            </TextLine>
            <TextLine id="r1l7" custom="readingOrder {index:6;}">
                <Coords points="926,2035 1048,2063 1205,2008 1313,2063 1446,2023 1577,2065 1681,2017 1869,2078 1923,2037 2034,2045 2032,1932 1915,1969 1843,1908 1592,1954 1146,1908 926,1980"/>
                <Baseline points="1010,2001 1101,2000 1156,2000 1211,2002 1266,2002 1321,2002 1376,2002 1431,2003 1487,2004 1542,2004 1597,2006 1652,2006 1707,2008 1762,2009 1817,2010 1872,2012 1927,2014 1982,2016 2038,2016"/>
                <TextEquiv>
                    <Unicode>quod illud exeat / per veram peni¬</Unicode>
                </TextEquiv>
            </TextLine>
            <TextLine id="r1l8" custom="readingOrder {index:7;}">
                <Coords points="995,2135 1342,2143 1455,2183 1653,2137 1930,2165 1993,2145 1993,2067 1884,2087 1679,2015 1577,2065 1448,2024 1314,2063 1211,2010 993,2052"/>
                <Baseline points="1004,2110 1053,2112 1103,2116 1153,2117 1202,2119 1252,2120 1302,2120 1351,2120 1401,2122 1451,2122 1501,2120 1550,2120 1600,2120 1650,2122 1699,2122 1749,2122 1799,2123 1848,2124 1898,2126 1948,2129 1998,2132"/>
                <TextEquiv>
                    <Unicode>tenciam et confessionem / et non</Unicode>
                </TextEquiv>
            </TextLine>
            <TextLine id="r1l9" custom="readingOrder {index:8;}">
                <Coords points="632,2257 1052,2228 1993,2283 1991,2170 1889,2145 1767,2189 1653,2141 1473,2187 1218,2137 1054,2180 632,2165"/>
                <Baseline points="642,2224 709,2224 777,2224 845,2224 912,2224 980,2226 1048,2226 1115,2226 1183,2226 1251,2226 1319,2226 1386,2228 1454,2228 1522,2230 1589,2230 1657,2233 1725,2234 1792,2238 1860,2240 1928,2242 1996,2246"/>
                <TextEquiv>
                    <Unicode>dui in eo permaneat / et ad hoc multum</Unicode>
                </TextEquiv>
            </TextLine>
            <TextLine id="r1l10" custom="readingOrder {index:9;}">
                <Coords points="658,2365 995,2403 1178,2344 1279,2407 1893,2381 2039,2437 2013,2272 1754,2302 1353,2254 1305,2292 1165,2259 1017,2294 847,2255 658,2289"/>
                <Baseline points="668,2332 736,2334 805,2336 874,2336 942,2337 1011,2338 1080,2338 1148,2338 1217,2338 1286,2338 1355,2338 1423,2338 1492,2338 1561,2339 1629,2340 1698,2342 1767,2344 1835,2347 1904,2351 1973,2354 2042,2360"/>
                <TextEquiv>
                    <Unicode>iuivatur si quis considerat nocumenta que</Unicode>
                </TextEquiv>
            </TextLine>
            <TextLine id="r1l11" custom="readingOrder {index:10;}">
                <Coords points="666,2522 1067,2475 1263,2520 1383,2470 1499,2522 1708,2518 1760,2474 1851,2522 2026,2479 2026,2437 1897,2383 1610,2407 1505,2368 1281,2407 1181,2350 995,2405 666,2379"/>
                <Baseline points="676,2464 743,2462 811,2461 879,2460 946,2458 1014,2458 1082,2456 1149,2456 1217,2456 1285,2456 1353,2456 1420,2458 1488,2458 1556,2458 1623,2460 1691,2460 1759,2461 1826,2462 1894,2463 1962,2464 2030,2464"/>
                <TextEquiv>
                    <Unicode>sibi peccatum attulit et affert pro futuro nisi</Unicode>
                </TextEquiv>
            </TextLine>
            <TextLine id="r1l12" custom="readingOrder {index:11;}">
                <Coords points="642,2659 891,2597 1028,2664 1351,2588 1991,2653 1989,2477 1908,2518 1764,2479 1468,2540 1375,2507 640,2522"/>
                <Baseline points="650,2580 717,2580 784,2580 851,2580 919,2580 986,2580 1053,2580 1121,2580 1188,2580 1255,2580 1323,2580 1390,2580 1457,2580 1524,2580 1592,2580 1659,2580 1726,2582 1794,2582 1861,2584 1928,2584 1996,2586"/>
                <TextEquiv>
                    <Unicode>peniteat / primo quia peccatum mortale facit quem</Unicode>
                </TextEquiv>
            </TextLine>
            <TextLine id="r1l13" custom="readingOrder {index:12;}">
                <Coords points="651,2718 1104,2736 1192,2777 1442,2703 1546,2764 1632,2732 1973,2764 2023,2755 2021,2638 1743,2655 1638,2603 1529,2629 1350,2590 1017,2666 884,2607 649,2657"/>
                <Baseline points="660,2702 728,2700 796,2700 865,2698 933,2698 1002,2698 1070,2698 1138,2698 1207,2698 1275,2698 1344,2698 1412,2698 1480,2700 1549,2700 1617,2702 1686,2704 1754,2706 1822,2708 1891,2711 1959,2714 2028,2718"/>
                <TextEquiv>
                    <Unicode>inmundum et instabilem / quando cadat in</Unicode>
                </TextEquiv>
            </TextLine>
            <TextLine id="r1l14" custom="readingOrder {index:13;}">
                <Coords points="634,2847 801,2842 937,2899 1185,2832 1396,2869 1464,2830 1703,2897 1997,2869 1995,2768 1632,2732 1564,2768 1388,2721 1191,2777 714,2714 632,2756"/>
                <Baseline points="642,2824 710,2822 778,2820 846,2819 914,2818 982,2818 1050,2818 1118,2818 1186,2818 1254,2818 1322,2818 1390,2820 1458,2820 1526,2822 1594,2824 1662,2826 1730,2830 1798,2832 1866,2835 1934,2839 2002,2844"/>
                <TextEquiv>
                    <Unicode>aliud / secundum illud trenorum primo peccavit</Unicode>
                </TextEquiv>
            </TextLine>
            <TextLine id="r1l15" custom="readingOrder {index:14;}">
                <Coords points="647,2971 1070,3012 1176,2980 1436,3008 1512,2954 1708,3008 1817,2965 2010,2973 2010,2869 1910,2858 1703,2895 1462,2830 1390,2875 1185,2829 874,2899 804,2851 647,2851"/>
                <Baseline points="658,2950 725,2948 793,2944 861,2942 929,2940 997,2938 1064,2937 1132,2936 1200,2934 1268,2934 1336,2934 1403,2934 1471,2934 1539,2936 1607,2937 1675,2939 1742,2942 1810,2946 1878,2949 1946,2953 2014,2960"/>
                <TextEquiv>
                    <Unicode>ierusalem / ideo instabilis facta est / secundum illud</Unicode>
                </TextEquiv>
            </TextLine>
            <TextLine id="r1l16" custom="readingOrder {index:15;}">
                <Coords points="614,3139 960,3080 1311,3126 1459,3076 1608,3126 1767,3091 1993,3115 1993,2971 1926,2964 1534,3012 614,2975"/>
                <Baseline points="624,3062 692,3063 761,3064 830,3064 898,3064 967,3064 1036,3064 1104,3062 1173,3062 1242,3060 1311,3060 1379,3060 1448,3058 1517,3058 1585,3058 1654,3060 1723,3060 1791,3062 1860,3065 1929,3068 1998,3072"/>
                <TextEquiv>
                    <Unicode>Ysaie 64 / Ecce nos peccatavimus et facti sumus</Unicode>
                </TextEquiv>
            </TextLine>
            <TextLine id="r1l17" custom="readingOrder {index:16;}">
                <Coords points="632,3215 2115,3226 2115,3095 2035,3128 1788,3091 1608,3126 1462,3078 1305,3124 1024,3086 632,3124"/>
                <Baseline points="642,3172 715,3174 789,3176 863,3176 937,3177 1011,3178 1085,3178 1159,3178 1233,3178 1307,3178 1381,3178 1454,3178 1528,3178 1602,3178 1676,3178 1750,3178 1824,3178 1898,3176 1972,3176 2046,3176 2150,3175"/>
                <TextEquiv>
                    <Unicode>ut inmundus quasi pannus menstruate etc.</Unicode>
                </TextEquiv>
            </TextLine>
            <TextLine id="r1l18" custom="readingOrder {index:17;} textStyle {offset:24; length:1;superscript:true;}">
                <Coords points="632,3313 682,3348 752,3298 863,3302 1215,3367 1666,3315 1891,3368 2065,3322 2043,3198 1632,3248 1518,3200 1257,3245 797,3187 632,3215"/>
                <Baseline points="642,3290 713,3290 784,3292 856,3292 927,3294 999,3294 1070,3296 1141,3298 1213,3299 1284,3300 1356,3302 1427,3302 1498,3302 1570,3304 1641,3304 1713,3302 1784,3302 1855,3301 1927,3298 1998,3296 2070,3294"/>
                <TextEquiv>
                    <Unicode>quo nichil inmundius / 2o quia vuluerat et spiritua¬</Unicode>
                </TextEquiv>
            </TextLine>
            <TextLine id="r1l19" custom="readingOrder {index:18;} textStyle {offset:34; length:1;superscript:true;}">
                <Coords points="660,3433 1272,3466 1440,3433 1749,3498 1823,3437 2054,3444 2052,3326 1891,3368 1431,3324 1370,3365 1100,3374 884,3322 658,3359"/>
                <Baseline points="668,3406 737,3408 806,3408 876,3409 945,3410 1015,3411 1084,3412 1153,3412 1223,3414 1292,3414 1362,3416 1431,3416 1500,3417 1570,3418 1639,3418 1709,3420 1778,3420 1847,3421 1917,3422 1986,3422 2056,3422"/>
                <TextEquiv>
                    <Unicode>liter occidit animam Ezechielis 23o peccata nostra</Unicode>
                </TextEquiv>
            </TextLine>
            <TextLine id="r1l20" custom="readingOrder {index:19;}">
                <Coords points="658,3596 719,3631 837,3564 945,3587 1181,3539 1337,3598 1455,3546 1803,3620 2047,3579 2045,3461 1745,3498 1440,3431 1302,3466 654,3433"/>
                <Baseline points="666,3520 735,3522 804,3525 873,3527 943,3529 1012,3530 1081,3532 1151,3534 1220,3534 1289,3536 1359,3536 1428,3538 1497,3538 1566,3540 1636,3540 1705,3542 1774,3542 1844,3544 1913,3545 1982,3546 2052,3548"/>
                <TextEquiv>
                    <Unicode>super nos sunt et in ipsis tabescimus et proverbiorum</Unicode>
                </TextEquiv>
            </TextLine>
            <TextLine id="r1l21" custom="readingOrder {index:20;} textStyle {offset:1; length:1;superscript:true;}">
                <Coords points="649,3690 1048,3661 1276,3716 1509,3673 2054,3714 2050,3577 1804,3620 1496,3587 1453,3546 1342,3607 721,3555 647,3583"/>
                <Baseline points="660,3634 729,3636 799,3636 869,3638 938,3640 1008,3643 1078,3645 1147,3646 1217,3649 1287,3651 1357,3653 1426,3654 1496,3656 1566,3658 1635,3660 1705,3661 1775,3662 1844,3664 1914,3664 1984,3664 2054,3664"/>
                <TextEquiv>
                    <Unicode>8o Qui in me offenderit / ledit animam suam</Unicode>
                </TextEquiv>
            </TextLine>
            <TextLine id="r1l22" custom="readingOrder {index:21;}">
                <Coords points="638,3823 778,3831 926,3766 1043,3814 1390,3823 1492,3775 1546,3825 1758,3808 1819,3849 1919,3799 1997,3845 1993,3725 1747,3683 634,3690"/>
                <Baseline points="646,3752 713,3754 781,3756 848,3756 916,3758 984,3760 1051,3761 1119,3762 1186,3764 1254,3766 1322,3767 1389,3768 1457,3770 1524,3772 1592,3775 1659,3776 1727,3778 1795,3782 1862,3784 1930,3788 1998,3792"/>
                <TextEquiv>
                    <Unicode>quod expotmur thobie Pimo Qui faciunt peccatum</Unicode>
                </TextEquiv>
            </TextLine>
            <TextLine id="r1l23" custom="readingOrder {index:22;}">
                <Coords points="632,3912 915,3932 1109,3893 1464,3954 1571,3897 1880,4004 2013,3942 2011,3851 1912,3801 1815,3849 1758,3808 1522,3801 630,3823"/>
                <Baseline points="640,3874 708,3878 777,3880 846,3881 915,3882 984,3884 1053,3884 1122,3886 1191,3886 1260,3886 1329,3888 1397,3888 1466,3890 1535,3892 1604,3894 1673,3896 1742,3899 1811,3903 1880,3906 1949,3910 2018,3916"/>
                <TextEquiv>
                    <Unicode>et iniquitates hosces sunt amine sue</Unicode>
                </TextEquiv>
            </TextLine>
            <TextLine id="r1l24" custom="readingOrder {index:23;}">
                <Coords points="605,4052 1719,4036 1934,4088 1991,4078 1987,3936 1876,4010 1570,3897 1481,3962 1377,3925 1216,3951 1109,3893 913,3934 793,3897 745,3932 601,3916"/>
                <Baseline points="612,3998 681,4001 750,4004 819,4006 888,4008 958,4010 1027,4012 1096,4014 1165,4014 1234,4016 1304,4016 1373,4018 1442,4020 1511,4021 1580,4022 1650,4024 1719,4026 1788,4028 1857,4032 1926,4035 1996,4038"/>
                <TextEquiv>
                    <Unicode>/ quia eam spiritualiter occidunt caritas enim est</Unicode>
                </TextEquiv>
            </TextLine>
            <TextLine id="r1l25" custom="readingOrder {index:24;}">
                <Coords points="627,4169 719,4143 893,4189 1019,4138 1150,4180 1351,4152 1455,4204 1536,4160 1644,4204 1984,4165 1982,4078 1647,4091 1553,4034 1348,4091 996,4025 876,4073 769,4038 625,4064"/>
                <Baseline points="636,4118 703,4122 771,4124 838,4126 906,4130 974,4132 1041,4134 1109,4136 1176,4136 1244,4138 1312,4140 1379,4140 1447,4142 1514,4142 1582,4144 1649,4144 1717,4144 1785,4146 1852,4146 1920,4148 1988,4148"/>
                <TextEquiv>
                    <Unicode>deus / par eam est vita anime / sicut anima est vita</Unicode>
                </TextEquiv>
            </TextLine>
            <TextLine id="r1l26" custom="readingOrder {index:25;}">
                <Coords points="630,4261 874,4313 1130,4269 1322,4276 1398,4326 1522,4271 1740,4341 1845,4272 2072,4308 2041,4149 1644,4204 1536,4160 1455,4204 1351,4152 1133,4178 1019,4138 932,4189 629,4163"/>
                <Baseline points="640,4230 711,4233 783,4238 855,4242 927,4245 999,4247 1070,4250 1142,4252 1214,4254 1286,4255 1358,4256 1429,4258 1501,4258 1573,4258 1645,4260 1717,4260 1788,4260 1860,4260 1932,4262 2004,4262 2076,4262"/>
                <TextEquiv>
                    <Unicode>corporis quam caritatem perdit qus peccando etc.</Unicode>
                </TextEquiv>
            </TextLine>
            <TextLine id="r1l27" custom="readingOrder {index:26;} textStyle {offset:1; length:1;superscript:true;}">
                <Coords points="617,4404 677,4372 1096,4431 1244,4387 1300,4435 1662,4454 1747,4415 1793,4459 2032,4404 2030,4322 1849,4274 1732,4341 1529,4272 1398,4330 1287,4271 876,4315 614,4261"/>
                <Baseline points="628,4356 698,4358 768,4359 838,4360 909,4362 979,4364 1049,4365 1120,4368 1190,4368 1260,4372 1331,4373 1401,4375 1471,4377 1541,4378 1612,4382 1682,4383 1752,4384 1823,4387 1893,4388 1963,4390 2034,4392"/>
                <TextEquiv>
                    <Unicode>3o quia animam excecant Iuxta illud sapiencie primo Am¬</Unicode>
                </TextEquiv>
            </TextLine>
            <TextLine id="r1l28" custom="readingOrder {index:27;}">
                <Coords points="649,4504 1248,4511 1316,4548 1407,4511 1962,4526 1958,4407 1849,4459 1732,4422 1553,4457 1424,4413 919,4433 647,4383"/>
                <Baseline points="660,4470 725,4472 790,4476 855,4478 920,4481 985,4482 1050,4484 1115,4486 1180,4487 1245,4488 1311,4490 1376,4490 1441,4492 1506,4492 1571,4494 1636,4495 1701,4496 1766,4498 1831,4500 1896,4501 1962,4504"/>
                <TextEquiv>
                    <Unicode>bulaverunt ut ceci / quia domino peccaverunt Hec</Unicode>
                </TextEquiv>
            </TextLine>
            <TextLine id="r1l29" custom="readingOrder {index:28;} textStyle {offset:49; length:1;superscript:true;}">
                <Coords points="634,4620 771,4651 991,4618 1143,4677 1211,4620 1505,4661 1656,4626 1769,4688 1982,4635 1950,4533 632,4524"/>
                <Baseline points="644,4590 711,4592 778,4594 845,4594 912,4596 979,4596 1046,4598 1113,4598 1180,4598 1247,4600 1314,4600 1381,4602 1448,4602 1515,4602 1582,4604 1649,4604 1716,4606 1783,4606 1850,4608 1917,4608 1984,4610"/>
                <TextEquiv>
                    <Unicode>et precedencia probat magister distinccione 18 4ti dicens</Unicode>
                </TextEquiv>
            </TextLine>
            <TextLine id="r1l30" custom="readingOrder {index:29;} unclear {offset:40; length:4; continued:true;}">
                <Coords points="645,4735 878,4788 974,4748 1971,4761 1939,4637 1860,4690 1383,4631 1211,4685 989,4620 832,4659 643,4639"/>
                <Baseline points="656,4714 721,4714 787,4712 853,4712 919,4712 985,4714 1051,4714 1117,4716 1183,4718 1249,4719 1315,4721 1380,4722 1446,4724 1512,4727 1578,4728 1644,4730 1710,4732 1776,4732 1842,4734 1908,4734 1974,4734"/>
                <TextEquiv>
                    <Unicode>Cum quis mortaliter delinquit et gracia vir¬</Unicode>
                </TextEquiv>
            </TextLine>
            <TextLine id="r1l31" custom="readingOrder {index:30;} unclear {offset:0; length:5; continued:true;}">
                <Coords points="627,4844 832,4910 969,4857 1239,4903 1388,4864 1531,4929 1644,4862 1986,4877 1982,4766 1936,4753 1756,4786 1442,4740 882,4788 752,4744 625,4761"/>
                <Baseline points="636,4826 703,4826 771,4826 838,4826 906,4828 974,4828 1041,4830 1109,4832 1176,4834 1244,4836 1312,4838 1379,4840 1447,4842 1514,4844 1582,4846 1649,4848 1717,4850 1785,4850 1852,4850 1920,4852 1988,4850"/>
                <TextEquiv>
                    <Unicode>tutis privatur / si qua precessit et naturalium</Unicode>
                </TextEquiv>
            </TextLine>
            <TextLine id="r1l32" custom="readingOrder {index:31;}">
                <Coords points="629,4988 819,5032 948,4981 1163,5019 1228,4981 1529,4971 1616,5018 1732,4981 1834,5036 1962,4999 1960,4884 1915,4868 1605,4884 1531,4929 1387,4864 832,4910 627,4842"/>
                <Baseline points="638,4950 704,4952 770,4952 837,4953 903,4954 970,4956 1036,4956 1102,4958 1169,4960 1235,4960 1302,4962 1368,4964 1434,4964 1501,4966 1567,4966 1634,4967 1700,4968 1766,4968 1833,4968 1899,4968 1966,4968"/>
                <TextEquiv>
                    <Unicode>bonorum semper quo ad bene agendum eli¬</Unicode>
                </TextEquiv>
            </TextLine>
            <TextLine id="r1l33" custom="readingOrder {index:32;}">
                <Coords points="640,5117 1688,5130 1849,5093 1997,5127 1976,5010 1830,5036 1727,4986 1570,4992 1253,5042 1009,4982 825,5032 638,4988"/>
                <Baseline points="648,5076 715,5075 783,5074 850,5074 918,5074 986,5074 1053,5076 1121,5076 1188,5078 1256,5080 1324,5082 1391,5084 1459,5086 1526,5088 1594,5089 1661,5090 1729,5090 1797,5092 1864,5092 1932,5091 2000,5090"/>
                <TextEquiv>
                    <Unicode>sione patitur / Unde et intellectus obtun¬</Unicode>
                </TextEquiv>
            </TextLine>
            <TextLine id="r1l34" custom="readingOrder {index:33;}">
                <Coords points="638,5215 1069,5213 1327,5262 1529,5217 1612,5260 1777,5213 1971,5228 1969,5154 1858,5104 636,5117"/>
                <Baseline points="648,5186 714,5188 780,5189 847,5190 913,5192 980,5194 1046,5196 1112,5196 1179,5198 1245,5198 1312,5200 1378,5200 1444,5202 1511,5202 1577,5202 1644,5204 1710,5204 1776,5204 1843,5204 1909,5204 1976,5204"/>
                <TextEquiv>
                    <Unicode>ditur / et totus homo interior obte¬</Unicode>
                </TextEquiv>
            </TextLine>
            <TextLine id="r1l35" custom="readingOrder {index:34;}">
                <Coords points="629,5311 834,5361 1178,5324 1348,5385 1422,5339 1575,5398 1978,5343 1976,5226 1213,5262 625,5217"/>
                <Baseline points="636,5292 703,5296 770,5300 837,5303 905,5306 972,5308 1039,5311 1107,5314 1174,5316 1241,5318 1309,5318 1376,5320 1443,5322 1510,5322 1578,5324 1645,5324 1712,5324 1780,5325 1847,5326 1914,5326 1982,5326"/>
                <TextEquiv>
                    <Unicode>nebratur / et ita ut quasi quadam cali¬</Unicode>
                </TextEquiv>
            </TextLine>
            <TextLine id="r1l36" custom="readingOrder {index:35;}">
                <Coords points="629,5461 784,5419 943,5476 1181,5432 1442,5489 1525,5446 1915,5474 1982,5448 1980,5341 1577,5398 1424,5339 1348,5385 1176,5324 1087,5369 627,5356"/>
                <Baseline points="636,5400 703,5407 771,5410 838,5414 906,5418 973,5420 1041,5423 1108,5426 1176,5428 1243,5430 1311,5432 1378,5433 1446,5434 1513,5436 1581,5436 1648,5438 1716,5439 1783,5440 1851,5442 1918,5442 1986,5444"/>
                <TextEquiv>
                    <Unicode>gine mens obvolvitur semper in practicis</Unicode>
                </TextEquiv>
            </TextLine>
            <TextLine id="r1l37" custom="readingOrder {index:36;}">
                <Coords points="606,5537 934,5581 991,5539 1126,5543 1398,5629 1538,5568 1997,5609 1995,5452 1897,5483 1793,5441 1522,5448 1448,5489 1189,5433 1032,5489 758,5432 605,5452"/>
                <Baseline points="616,5506 685,5508 754,5510 823,5514 893,5516 962,5520 1031,5522 1101,5524 1170,5526 1239,5528 1309,5530 1378,5532 1447,5534 1516,5534 1586,5536 1655,5536 1724,5536 1794,5536 1863,5534 1932,5534 2002,5532"/>
                <TextEquiv>
                    <Unicode>et devocione ad bene operandum / Hanc</Unicode>
                </TextEquiv>
            </TextLine>
            <TextEquiv>
                <Unicode>in ista circumstancia accusandi in con¬&#13;
fessione / et tunc erunt securi / et sic con¬&#13;
fessor non suspicatur / de adulterio / vel&#13;
quod illud commiserit cum alieno etc.&#13;
Ostquam homo lapsus est in peccatum&#13;
mortale / debet vigilanter operari&#13;
quod illud exeat / per veram peni¬&#13;
tenciam et confessionem / et non&#13;
dui in eo permaneat / et ad hoc multum&#13;
iuivatur si quis considerat nocumenta que&#13;
sibi peccatum attulit et affert pro futuro nisi&#13;
peniteat / primo quia peccatum mortale facit quem&#13;
inmundum et instabilem / quando cadat in&#13;
aliud / secundum illud trenorum primo peccavit&#13;
ierusalem / ideo instabilis facta est / secundum illud&#13;
Ysaie 64 / Ecce nos peccatavimus et facti sumus&#13;
ut inmundus quasi pannus menstruate etc.&#13;
quo nichil inmundius / 2o quia vuluerat et spiritua¬&#13;
liter occidit animam Ezechielis 23o peccata nostra&#13;
super nos sunt et in ipsis tabescimus et proverbiorum&#13;
8o Qui in me offenderit / ledit animam suam&#13;
quod expotmur thobie Pimo Qui faciunt peccatum&#13;
et iniquitates hosces sunt amine sue&#13;
/ quia eam spiritualiter occidunt caritas enim est&#13;
deus / par eam est vita anime / sicut anima est vita&#13;
corporis quam caritatem perdit qus peccando etc.&#13;
3o quia animam excecant Iuxta illud sapiencie primo Am¬&#13;
bulaverunt ut ceci / quia domino peccaverunt Hec&#13;
et precedencia probat magister distinccione 18 4ti dicens&#13;
Cum quis mortaliter delinquit et gracia vir¬&#13;
tutis privatur / si qua precessit et naturalium&#13;
bonorum semper quo ad bene agendum eli¬&#13;
sione patitur / Unde et intellectus obtun¬&#13;
ditur / et totus homo interior obte¬&#13;
nebratur / et ita ut quasi quadam cali¬&#13;
gine mens obvolvitur semper in practicis&#13;
et devocione ad bene operandum / Hanc</Unicode>
            </TextEquiv>
        </TextRegion>
        <TextRegion orientation="0.0" id="r2" custom="readingOrder {index:2;}">
            <Coords points="2340,1237 2340,5551 3840,5551 3840,1237"/>
            <TextLine id="r2l1" custom="readingOrder {index:0;}">
                <Coords points="2402,1326 2583,1305 2962,1377 3012,1338 3250,1335 3317,1387 3435,1335 3734,1333 3795,1370 3829,1363 3827,1207 3579,1224 3208,1168 2936,1237 2400,1216"/>
                <Baseline points="2412,1292 2483,1297 2554,1302 2625,1306 2696,1308 2767,1311 2838,1314 2909,1314 2980,1316 3051,1316 3123,1316 3194,1316 3265,1316 3336,1316 3407,1316 3478,1316 3549,1316 3620,1316 3691,1316 3762,1316 3834,1318"/>
                <TextEquiv>
                    <Unicode>vero deus expellit cum penitenciam inmittit</Unicode>
                </TextEquiv>
            </TextLine>
            <TextLine id="r2l2" custom="readingOrder {index:1;}">
                <Coords points="2398,1442 2725,1479 2827,1438 2978,1494 3263,1440 3746,1499 3773,1357 3420,1338 3319,1387 3036,1337 2967,1381 2394,1314"/>
                <Baseline points="2408,1402 2476,1408 2545,1413 2613,1417 2682,1420 2751,1424 2819,1426 2888,1428 2956,1428 3025,1430 3094,1430 3162,1432 3231,1432 3299,1434 3368,1434 3437,1436 3505,1438 3574,1438 3642,1442 3711,1444 3780,1448"/>
                <TextEquiv>
                    <Unicode>Quarto quia mortificat omnia bona opera / que</Unicode>
                </TextEquiv>
            </TextLine>
            <TextLine id="r2l3" custom="readingOrder {index:2;}">
                <Coords points="2370,1558 2640,1616 2710,1570 2886,1612 2949,1568 3160,1564 3439,1621 3790,1573 3788,1485 2921,1492 2823,1436 2725,1481 2368,1429"/>
                <Baseline points="2380,1528 2450,1532 2521,1534 2592,1536 2662,1538 2733,1540 2804,1542 2874,1543 2945,1544 3016,1544 3087,1546 3157,1546 3228,1546 3299,1548 3369,1548 3440,1548 3511,1550 3581,1551 3652,1552 3723,1554 3794,1556"/>
                <TextEquiv>
                    <Unicode>homo per totum tempus vite sue est operatus</Unicode>
                </TextEquiv>
            </TextLine>
            <TextLine id="r2l4" custom="readingOrder {index:3;}">
                <Coords points="2398,1719 2492,1668 3093,1742 3139,1701 3389,1686 3548,1732 3675,1675 3792,1692 3792,1571 3740,1564 3570,1620 3013,1566 2884,1610 2710,1570 2638,1614 2398,1571"/>
                <Baseline points="2408,1656 2477,1662 2546,1666 2615,1669 2685,1672 2754,1674 2823,1674 2893,1674 2962,1674 3031,1672 3101,1672 3170,1670 3239,1670 3308,1668 3378,1668 3447,1668 3516,1668 3586,1670 3655,1671 3724,1674 3794,1678"/>
                <TextEquiv>
                    <Unicode>secundum illud Ezechiel 18 / Amina qua die</Unicode>
                </TextEquiv>
            </TextLine>
            <TextLine id="r2l5" custom="readingOrder {index:4;}">
                <Coords points="2400,1828 2625,1795 2923,1815 2984,1858 3086,1815 3416,1840 3786,1799 3786,1690 3683,1681 3566,1732 3196,1701 3102,1749 2856,1699 2731,1725 2622,1675 2400,1717"/>
                <Baseline points="2410,1776 2479,1780 2548,1782 2617,1786 2686,1788 2755,1790 2824,1792 2893,1792 2962,1792 3031,1793 3100,1794 3169,1792 3238,1792 3307,1792 3376,1792 3445,1791 3514,1790 3583,1790 3652,1790 3721,1790 3790,1790"/>
                <TextEquiv>
                    <Unicode>preccaverit / omnes iusticie eius non recordabuntur</Unicode>
                </TextEquiv>
            </TextLine>
            <TextLine id="r2l6" custom="readingOrder {index:5;} textStyle {offset:11; length:1;superscript:true;}">
                <Coords points="2381,1932 2692,1973 2941,1915 3099,1974 3195,1939 3365,1971 3550,1906 3638,1958 3784,1932 3784,1801 3402,1845 3230,1810 3045,1865 2834,1806 2381,1812"/>
                <Baseline points="2392,1890 2461,1894 2531,1897 2601,1900 2671,1901 2741,1902 2810,1904 2880,1904 2950,1904 3020,1904 3090,1904 3159,1904 3229,1902 3299,1902 3369,1902 3439,1900 3508,1900 3578,1900 3648,1900 3718,1900 3788,1900"/>
                <TextEquiv>
                    <Unicode>Et ibidem 3o Si conversus iustius a iusticia</Unicode>
                </TextEquiv>
            </TextLine>
            <TextLine id="r2l7" custom="readingOrder {index:6;}">
                <Coords points="2402,2035 2592,2080 2662,2041 2821,2074 3028,2032 3259,2034 3402,2087 3507,2041 3690,2072 3795,2035 3794,1947 3636,1958 3555,1908 3365,1971 3071,1967 2943,1917 2690,1971 2400,1934"/>
                <Baseline points="2410,2006 2479,2010 2548,2012 2617,2012 2687,2014 2756,2016 2825,2017 2895,2018 2964,2018 3033,2018 3103,2020 3172,2020 3241,2020 3310,2018 3380,2018 3449,2018 3518,2016 3588,2016 3657,2014 3726,2014 3796,2012"/>
                <TextEquiv>
                    <Unicode>sua fuerit / et fecerit iniquitatem ponam offen¬</Unicode>
                </TextEquiv>
            </TextLine>
            <TextLine id="r2l8" custom="readingOrder {index:7;} unclear {offset:37; length:9;}">
                <Coords points="2377,2167 2603,2132 2764,2185 2893,2137 3001,2185 3328,2157 3592,2193 3799,2152 3783,2034 3692,2071 3505,2045 3402,2095 3270,2047 2951,2078 2662,2043 2592,2080 2377,2037"/>
                <Baseline points="2388,2126 2458,2126 2529,2126 2600,2126 2671,2127 2742,2128 2812,2128 2883,2129 2954,2130 3025,2130 3096,2132 3166,2132 3237,2132 3308,2132 3379,2134 3450,2134 3520,2134 3591,2134 3662,2132 3733,2132 3804,2132"/>
                <TextEquiv>
                    <Unicode>diculum coram eo / glosa / Si in quo offendant</Unicode>
                </TextEquiv>
            </TextLine>
            <TextLine id="r2l9" custom="readingOrder {index:8;}">
                <Coords points="2376,2268 2666,2305 3019,2272 3158,2326 3252,2265 3326,2318 3439,2268 3812,2267 3781,2148 3588,2194 2376,2182"/>
                <Baseline points="2386,2250 2457,2248 2529,2248 2600,2246 2672,2246 2743,2246 2815,2244 2886,2244 2958,2244 3029,2242 3101,2242 3172,2242 3244,2242 3315,2242 3387,2240 3458,2240 3530,2240 3601,2240 3673,2240 3744,2240 3816,2240"/>
                <TextEquiv>
                    <Unicode>noluerit penitere condempnenti ponet deus ut</Unicode>
                </TextEquiv>
            </TextLine>
            <TextLine id="r2l10" custom="readingOrder {index:9;}">
                <Coords points="2363,2424 2570,2372 2769,2439 3012,2376 3433,2435 3564,2372 3784,2389 3784,2300 3666,2315 3624,2278 3337,2318 3204,2289 3156,2326 3019,2272 2718,2305 2363,2272"/>
                <Baseline points="2372,2368 2442,2366 2513,2364 2584,2362 2655,2362 2726,2360 2796,2360 2867,2360 2938,2360 3009,2362 3080,2362 3150,2362 3221,2362 3292,2362 3363,2362 3434,2360 3504,2360 3575,2358 3646,2356 3717,2353 3788,2350"/>
                <TextEquiv>
                    <Unicode>gravius inpingat / ipse in peccato suo morietur</Unicode>
                </TextEquiv>
            </TextLine>
            <TextLine id="r2l11" custom="readingOrder {index:10;}">
                <Coords points="2390,2487 3259,2531 3317,2485 3431,2535 3529,2488 3677,2533 3762,2494 3762,2409 3574,2370 3442,2435 3209,2400 3111,2431 3012,2376 2769,2440 2561,2368 2390,2433"/>
                <Baseline points="2400,2484 2468,2480 2536,2477 2604,2476 2673,2474 2741,2474 2809,2472 2878,2474 2946,2474 3014,2474 3083,2475 3151,2476 3219,2476 3287,2476 3356,2476 3424,2476 3492,2476 3561,2474 3629,2473 3697,2470 3766,2466"/>
                <TextEquiv>
                    <Unicode>et non erunt in memoria iusticie eius Glosa /</Unicode>
                </TextEquiv>
            </TextLine>
            <TextLine id="r2l12" custom="readingOrder {index:11;}">
                <Coords points="2381,2659 2536,2605 2884,2651 3054,2612 3777,2620 3759,2485 3679,2535 3544,2498 3298,2546 3200,2503 2381,2516"/>
                <Baseline points="2392,2598 2461,2594 2531,2592 2600,2590 2670,2588 2739,2587 2809,2586 2878,2586 2948,2584 3017,2584 3087,2584 3156,2584 3226,2584 3295,2585 3365,2586 3434,2586 3504,2584 3573,2584 3643,2584 3712,2583 3782,2582"/>
                <TextEquiv>
                    <Unicode>hoc nobis maxime considerandum est / quia cum</Unicode>
                </TextEquiv>
            </TextLine>
            <TextLine id="r2l13" custom="readingOrder {index:12;}">
                <Coords points="2387,2760 2723,2729 2897,2781 3001,2725 3137,2792 3267,2736 3568,2721 3631,2764 3773,2729 3775,2618 3503,2647 3317,2609 3163,2664 2747,2623 2675,2666 2527,2610 2389,2664"/>
                <Baseline points="2396,2726 2465,2723 2534,2720 2603,2718 2672,2716 2742,2716 2811,2714 2880,2714 2949,2712 3018,2712 3088,2712 3157,2712 3226,2710 3295,2710 3364,2708 3434,2708 3503,2706 3572,2704 3641,2702 3710,2699 3780,2696"/>
                <TextEquiv>
                    <Unicode>mala comittimus / sine causa bona transacta</Unicode>
                </TextEquiv>
            </TextLine>
            <TextLine id="r2l14" custom="readingOrder {index:13;}">
                <Coords points="2357,2882 2773,2851 3097,2882 3211,2847 3315,2899 3513,2829 3747,2851 3792,2825 3794,2745 3648,2773 3433,2736 3132,2792 3001,2725 2897,2781 2708,2736 2459,2751 2359,2801"/>
                <Baseline points="2370,2850 2441,2846 2512,2842 2583,2840 2655,2838 2726,2837 2797,2836 2869,2835 2940,2834 3011,2834 3083,2834 3154,2832 3225,2832 3296,2830 3368,2829 3439,2828 3510,2824 3582,2822 3653,2818 3724,2815 3796,2808"/>
                <TextEquiv>
                    <Unicode>ad memoriam revocamus / quoniam in perpetracione ma¬</Unicode>
                </TextEquiv>
            </TextLine>
            <TextLine id="r2l15" custom="readingOrder {index:14;}">
                <Coords points="2376,2976 3017,2980 3172,3023 3306,2965 3383,3010 3452,2969 3527,3010 3716,2973 3814,3012 3838,2888 3635,2836 3513,2880 3392,2853 3317,2901 3171,2847 3026,2891 2906,2853 2819,2890 2377,2867"/>
                <Baseline points="2386,2960 2458,2962 2531,2962 2604,2962 2676,2962 2749,2961 2822,2960 2894,2958 2967,2957 3040,2956 3113,2954 3185,2952 3258,2950 3331,2948 3403,2945 3476,2944 3549,2941 3621,2940 3694,2938 3767,2937 3840,2936"/>
                <TextEquiv>
                    <Unicode>lorum / nulla debet esse fiducia preteritorum bonorum</Unicode>
                </TextEquiv>
            </TextLine>
            <TextLine id="r2l16" custom="readingOrder {index:15;} textStyle {offset:45; length:2;superscript:true;}">
                <Coords points="2359,3104 2867,3130 3396,3071 3762,3117 3799,3108 3803,2952 3533,3012 3341,2975 3261,3037 3017,2980 2503,2973 2361,3012"/>
                <Baseline points="2370,3074 2441,3076 2513,3076 2585,3076 2656,3076 2728,3076 2800,3074 2871,3074 2943,3072 3015,3070 3087,3068 3158,3066 3230,3064 3302,3062 3373,3060 3445,3058 3517,3056 3588,3054 3660,3052 3732,3050 3804,3048"/>
                <TextEquiv>
                    <Unicode>et hoc intelligitur ad meritum vite etrne / 5to</Unicode>
                </TextEquiv>
            </TextLine>
            <TextLine id="r2l17" custom="readingOrder {index:16;}">
                <Coords points="2368,3204 2917,3233 3189,3200 3243,3233 3457,3198 3505,3243 3771,3204 3771,3115 3661,3123 3588,3076 3479,3113 3400,3074 3328,3123 3171,3080 3034,3126 2368,3108"/>
                <Baseline points="2378,3188 2447,3188 2517,3188 2587,3188 2657,3188 2727,3188 2796,3188 2866,3188 2936,3186 3006,3186 3076,3186 3145,3184 3215,3184 3285,3182 3355,3182 3425,3180 3494,3180 3564,3178 3634,3177 3704,3176 3774,3174"/>
                <TextEquiv>
                    <Unicode>inducit dei in imiciciam et avertit faciem</Unicode>
                </TextEquiv>
            </TextLine>
            <TextLine id="r2l18" custom="readingOrder {index:17;} textStyle {offset:42; length:1;superscript:true;}">
                <Coords points="2374,3363 2559,3341 2597,3378 2768,3324 2871,3385 3222,3311 3293,3361 3698,3289 3808,3322 3812,3187 3513,3243 3322,3211 3270,3250 3172,3213 2376,3209"/>
                <Baseline points="2384,3316 2455,3314 2527,3312 2598,3312 2670,3310 2741,3308 2813,3308 2884,3306 2956,3306 3027,3304 3099,3303 3170,3302 3242,3300 3313,3299 3385,3298 3456,3296 3528,3292 3599,3290 3671,3288 3742,3284 3814,3280"/>
                <TextEquiv>
                    <Unicode>suam a peccatore / secundum illud ysaie 59o Iniquitates nostre</Unicode>
                </TextEquiv>
            </TextLine>
            <TextLine id="r2l19" custom="readingOrder {index:18;}">
                <Coords points="2355,3441 2525,3492 2634,3435 3468,3446 3751,3404 3753,3319 3701,3293 3383,3363 3233,3315 2873,3387 2716,3326 2599,3378 2475,3337 2357,3367"/>
                <Baseline points="2366,3426 2435,3424 2505,3424 2574,3422 2644,3422 2713,3420 2783,3420 2852,3418 2922,3417 2991,3416 3061,3414 3130,3412 3200,3412 3269,3409 3339,3408 3408,3406 3478,3403 3547,3400 3617,3397 3686,3395 3756,3392"/>
                <TextEquiv>
                    <Unicode>diviserunt inter nos et deum / dividunt enim</Unicode>
                </TextEquiv>
            </TextLine>
            <TextLine id="r2l20" custom="readingOrder {index:19;}">
                <Coords points="2366,3614 2575,3559 3025,3555 3143,3601 3315,3546 3757,3561 3731,3404 3537,3457 2879,3433 2695,3490 2370,3446"/>
                <Baseline points="2376,3552 2445,3550 2514,3548 2583,3548 2653,3546 2722,3544 2791,3543 2861,3542 2930,3540 2999,3538 3069,3536 3138,3534 3207,3532 3276,3530 3346,3528 3415,3526 3484,3524 3554,3521 3623,3519 3692,3516 3762,3514"/>
                <TextEquiv>
                    <Unicode>peccata deum / a nobis / non quod deus mittet locum</Unicode>
                </TextEquiv>
            </TextLine>
            <TextLine id="r2l21" custom="readingOrder {index:20;}">
                <Coords points="2377,3729 2869,3673 3670,3698 3799,3644 3801,3588 3457,3540 3233,3601 2866,3557 2379,3616"/>
                <Baseline points="2388,3658 2458,3656 2529,3656 2600,3654 2671,3652 2742,3650 2812,3650 2883,3648 2954,3648 3025,3646 3096,3644 3166,3644 3237,3642 3308,3642 3379,3640 3450,3640 3520,3639 3591,3638 3662,3638 3733,3636 3804,3636"/>
                <TextEquiv>
                    <Unicode>propter peccatum / quia est Ubique ex inmensitate / sed quia</Unicode>
                </TextEquiv>
            </TextLine>
            <TextLine id="r2l22" custom="readingOrder {index:21;}">
                <Coords points="2372,3810 2753,3838 2842,3777 3030,3781 3119,3851 3287,3773 3372,3812 3799,3810 3801,3644 3561,3712 3481,3677 2921,3677 2836,3722 2564,3696 2374,3729"/>
                <Baseline points="2382,3778 2453,3774 2524,3772 2595,3770 2666,3768 2737,3766 2808,3766 2879,3764 2950,3762 3021,3762 3093,3760 3164,3760 3235,3760 3306,3760 3377,3760 3448,3760 3519,3762 3590,3762 3661,3764 3732,3766 3804,3768"/>
                <TextEquiv>
                    <Unicode>inimiciciam provocant / Sexto mergit in iehen¬</Unicode>
                </TextEquiv>
            </TextLine>
            <TextLine id="r2l23" custom="readingOrder {index:22;}">
                <Coords points="2352,3914 2542,3912 2586,3956 2745,3912 2829,3964 2969,3897 3333,3947 3429,3906 3775,3901 3775,3847 3672,3797 3306,3790 3121,3844 2871,3781 2756,3836 2353,3814"/>
                <Baseline points="2364,3904 2434,3899 2505,3896 2576,3892 2647,3890 2718,3888 2788,3886 2859,3886 2930,3886 3001,3886 3072,3886 3142,3886 3213,3886 3284,3886 3355,3888 3426,3888 3496,3887 3567,3886 3638,3886 3709,3884 3780,3882"/>
                <TextEquiv>
                    <Unicode>nam / secundum illud psalmi Convertantur peccatores in in¬</Unicode>
                </TextEquiv>
            </TextLine>
            <TextLine id="r2l24" custom="readingOrder {index:23;} comment {offset:7; length:12;comment:omnes\u0020gentes\u0020que\u0020obliviscuntur;}">
                <Coords points="2366,4086 2568,4032 2788,4088 2867,4032 3795,4049 3766,3905 3335,3945 2969,3897 2829,3966 2368,3940"/>
                <Baseline points="2378,4016 2449,4016 2520,4016 2591,4015 2662,4014 2733,4014 2804,4014 2875,4013 2946,4012 3017,4012 3089,4010 3160,4010 3231,4009 3302,4008 3373,4008 3444,4008 3515,4006 3586,4006 3657,4006 3728,4006 3800,4006"/>
                <TextEquiv>
                    <Unicode>fernum o. g. q. ob. deum / Hoc dicitur ut dicit Augustinus</Unicode>
                </TextEquiv>
            </TextLine>
            <TextLine id="r2l25" custom="readingOrder {index:24;}">
                <Coords points="2365,4160 2590,4199 2799,4156 2914,4200 3137,4154 3296,4200 3546,4143 3624,4178 3801,4149 3777,4043 2860,4038 2788,4088 2475,4038 2365,4084"/>
                <Baseline points="2374,4130 2445,4132 2517,4132 2588,4132 2660,4134 2732,4132 2803,4132 2875,4132 2946,4132 3018,4130 3090,4130 3161,4128 3233,4126 3304,4126 3376,4124 3448,4124 3519,4122 3591,4122 3662,4120 3734,4120 3806,4120"/>
                <TextEquiv>
                    <Unicode>non optando / sed pronuncciative / sicut hoc innuit</Unicode>
                </TextEquiv>
            </TextLine>
            <TextLine id="r2l26" custom="readingOrder {index:25;} textStyle {offset:10; length:1;superscript:true;} textStyle {offset:14; length:1;superscript:true;}">
                <Coords points="2348,4337 2485,4267 2736,4308 3037,4269 3121,4311 3235,4271 3339,4324 3448,4271 3583,4311 3788,4287 3788,4160 3738,4145 3265,4200 3174,4158 2912,4202 2348,4171"/>
                <Baseline points="2358,4256 2429,4256 2501,4258 2572,4258 2644,4258 2716,4258 2787,4258 2859,4258 2930,4258 3002,4256 3074,4256 3145,4256 3217,4254 3288,4254 3360,4252 3432,4251 3503,4250 3575,4250 3646,4248 3718,4248 3790,4246"/>
                <TextEquiv>
                    <Unicode>salvator Mt 25o de agnis qui a dextris</Unicode>
                </TextEquiv>
            </TextLine>
            <TextLine id="r2l27" custom="readingOrder {index:26;} unclear {offset:16; length:4;}">
                <Coords points="2376,4444 2546,4383 3001,4398 3106,4450 3387,4402 3781,4415 3777,4282 3583,4311 3446,4272 3343,4324 2964,4271 2842,4324 2631,4267 2549,4313 2376,4298"/>
                <Baseline points="2386,4370 2456,4370 2526,4372 2596,4372 2666,4372 2736,4372 2806,4374 2876,4374 2946,4374 3016,4374 3086,4374 3156,4374 3226,4374 3296,4372 3366,4372 3436,4370 3506,4369 3576,4368 3646,4365 3716,4362 3786,4360"/>
                <TextEquiv>
                    <Unicode>sistentur et de edis qui sistentur a sinistris</Unicode>
                </TextEquiv>
            </TextLine>
            <TextLine id="r2l28" custom="readingOrder {index:27;}">
                <Coords points="2352,4528 2414,4555 2507,4502 2842,4496 3219,4511 3283,4552 3337,4511 3418,4579 3575,4505 3742,4548 3725,4406 3289,4411 3204,4459 2995,4396 2525,4393 2352,4457"/>
                <Baseline points="2333,4498 2431,4492 2500,4491 2569,4490 2638,4490 2708,4490 2777,4490 2846,4490 2915,4490 2984,4492 3054,4492 3123,4492 3192,4494 3261,4494 3330,4494 3400,4494 3469,4492 3538,4492 3607,4490 3676,4488 3746,4484"/>
                <TextEquiv>
                    <Unicode>/ qui ibunt in ignem etrnum / qui paratus est</Unicode>
                </TextEquiv>
            </TextLine>
            <TextLine id="r2l29" custom="readingOrder {index:28;}">
                <Coords points="2359,4635 2531,4603 2812,4653 2904,4613 3298,4661 3557,4633 3781,4679 3794,4522 3526,4509 3428,4570 3337,4511 3283,4552 2842,4498 2507,4502 2416,4555 2357,4528"/>
                <Baseline points="2370,4600 2441,4598 2513,4598 2584,4596 2656,4596 2727,4596 2799,4596 2870,4598 2942,4598 3013,4600 3085,4600 3156,4602 3228,4602 3299,4604 3371,4604 3442,4604 3514,4604 3585,4604 3657,4604 3728,4604 3800,4602"/>
                <TextEquiv>
                    <Unicode>dyablo et angelis eius Et similiter dicit Apstolus</Unicode>
                </TextEquiv>
            </TextLine>
            <TextLine id="r2l30" custom="readingOrder {index:29;} textStyle {offset:21; length:1;superscript:true;}">
                <Coords points="2344,4792 2586,4740 2856,4785 3045,4740 3161,4779 3744,4742 3716,4644 3324,4642 3276,4688 3147,4635 2577,4622 2461,4661 2344,4622"/>
                <Baseline points="2354,4704 2423,4707 2493,4709 2563,4710 2632,4712 2702,4713 2772,4714 2841,4714 2911,4715 2981,4716 3051,4716 3120,4716 3190,4716 3260,4714 3329,4714 3399,4714 3469,4712 3538,4712 3608,4710 3678,4708 3748,4708"/>
                <TextEquiv>
                    <Unicode>primo corinthiorum 15o Et precedent qui bona egerent</Unicode>
                </TextEquiv>
            </TextLine>
            <TextLine id="r2l31" custom="readingOrder {index:30;}">
                <Coords points="2353,4860 2485,4846 2557,4888 2636,4842 3052,4842 3184,4905 3282,4838 3784,4846 3784,4736 3694,4764 3620,4722 3540,4768 3330,4742 3161,4779 3043,4740 2851,4788 2585,4740 2353,4794"/>
                <Baseline points="2364,4826 2435,4826 2506,4824 2577,4824 2648,4824 2720,4824 2791,4824 2862,4824 2933,4824 3004,4824 3076,4824 3147,4824 3218,4824 3289,4824 3360,4824 3432,4822 3503,4822 3574,4822 3645,4820 3716,4818 3788,4818"/>
                <TextEquiv>
                    <Unicode>in resurreccionem vite / qui vero mala in</Unicode>
                </TextEquiv>
            </TextLine>
            <TextLine id="r2l32" custom="readingOrder {index:31;}">
                <Coords points="2346,4981 2625,4962 2736,4997 2816,4955 3002,5012 3076,4962 3383,5012 3759,5001 3759,4862 3670,4836 3241,4857 3182,4905 3002,4849 2825,4907 2485,4849 2346,4897"/>
                <Baseline points="2356,4956 2426,4952 2496,4949 2567,4946 2637,4946 2708,4944 2778,4944 2848,4944 2919,4946 2989,4946 3060,4946 3130,4948 3200,4948 3271,4948 3341,4948 3412,4948 3482,4946 3552,4944 3623,4941 3693,4938 3764,4932"/>
                <TextEquiv>
                    <Unicode>resurreccionem iudicii / eterne dampancionis sine</Unicode>
                </TextEquiv>
            </TextLine>
            <TextLine id="r2l33" custom="readingOrder {index:32;}">
                <Coords points="2361,5112 2464,5080 2636,5080 2679,5101 2779,5067 2877,5071 2919,5114 2973,5115 2976,4969 2908,4990 2792,4955 2736,4997 2540,4968 2450,5001 2365,4984"/>
                <Baseline points="2372,5074 2402,5074 2432,5072 2463,5072 2493,5070 2524,5070 2554,5068 2584,5066 2615,5066 2645,5064 2676,5063 2706,5062 2736,5062 2767,5062 2797,5061 2828,5060 2858,5062 2888,5062 2919,5063 2949,5064 2980,5066"/>
                <TextEquiv>
                    <Unicode>fine durative ¶</Unicode>
                </TextEquiv>
            </TextLine>
            <TextLine id="r2l34" custom="readingOrder {index:33;}">
                <Coords points="2353,5223 2703,5193 2921,5241 3019,5184 3470,5180 3553,5226 3812,5173 3812,5069 3710,5093 3633,5056 3522,5095 3021,5053 2940,5119 2836,5067 2601,5121 2548,5077 2353,5114"/>
                <Baseline points="2364,5180 2436,5178 2509,5174 2581,5172 2654,5170 2727,5168 2799,5168 2872,5167 2944,5166 3017,5166 3090,5166 3162,5166 3235,5166 3307,5166 3380,5166 3453,5166 3525,5166 3598,5164 3670,5163 3743,5160 3816,5158"/>
                <TextEquiv>
                    <Unicode>Propter ista et similia pericula monet nos salvator</Unicode>
                </TextEquiv>
            </TextLine>
            <TextLine id="r2l35" custom="readingOrder {index:34;} textStyle {offset:23; length:1;superscript:true;}">
                <Coords points="2353,5293 2588,5335 2851,5291 2947,5343 3087,5287 3359,5330 3688,5326 3747,5289 3747,5202 3550,5228 3452,5186 3043,5182 2921,5241 2353,5206"/>
                <Baseline points="2364,5280 2433,5280 2502,5280 2572,5280 2641,5280 2711,5280 2780,5280 2849,5280 2919,5278 2988,5278 3058,5278 3127,5278 3196,5278 3266,5278 3335,5278 3405,5278 3474,5278 3543,5278 3613,5278 3682,5278 3752,5280"/>
                <TextEquiv>
                    <Unicode>ut vigilemus / marci 13o dicens Vigilate ergo</Unicode>
                </TextEquiv>
            </TextLine>
            <TextLine id="r2l36" custom="readingOrder {index:35;}">
                <Coords points="2329,5439 2440,5469 2686,5432 2777,5461 2842,5406 3744,5421 3746,5291 3662,5335 3250,5300 2941,5343 2703,5287 2609,5332 2331,5328"/>
                <Baseline points="2340,5396 2410,5396 2480,5396 2551,5396 2621,5396 2692,5396 2762,5394 2832,5394 2903,5394 2973,5394 3044,5392 3114,5392 3184,5392 3255,5390 3325,5388 3396,5388 3466,5386 3536,5385 3607,5383 3677,5382 3782,5379"/>
                <TextEquiv>
                    <Unicode>nescitis enim quando dominus veniat / sero an media</Unicode>
                </TextEquiv>
            </TextLine>
            <TextLine id="r2l37" custom="readingOrder {index:36;}">
                <Coords points="2329,5605 3139,5550 3762,5596 3740,5421 3624,5456 2849,5406 2777,5459 2329,5439"/>
                <Baseline points="2340,5508 2411,5512 2482,5512 2553,5514 2625,5514 2696,5514 2767,5514 2839,5514 2910,5514 2981,5513 3053,5512 3124,5512 3195,5512 3266,5512 3338,5512 3409,5512 3480,5513 3552,5514 3623,5517 3694,5520 3766,5524"/>
                <TextEquiv>
                    <Unicode>nocte / an galli cantu / an mane / ne cum /</Unicode>
                </TextEquiv>
            </TextLine>
            <TextEquiv>
                <Unicode>vero deus expellit cum penitenciam inmittit&#13;
Quarto quia mortificat omnia bona opera / que&#13;
homo per totum tempus vite sue est operatus&#13;
secundum illud Ezechiel 18 / Amina qua die&#13;
preccaverit / omnes iusticie eius non recordabuntur&#13;
Et ibidem 3o Si conversus iustius a iusticia&#13;
sua fuerit / et fecerit iniquitatem ponam offen¬&#13;
diculum coram eo / glosa / Si in quo offendant&#13;
noluerit penitere condempnenti ponet deus ut&#13;
gravius inpingat / ipse in peccato suo morietur&#13;
et non erunt in memoria iusticie eius Glosa /&#13;
hoc nobis maxime considerandum est / quia cum&#13;
mala comittimus / sine causa bona transacta&#13;
ad memoriam revocamus / quoniam in perpetracione ma¬&#13;
lorum / nulla debet esse fiducia preteritorum bonorum&#13;
et hoc intelligitur ad meritum vite etrne / 5to&#13;
inducit dei in imiciciam et avertit faciem&#13;
suam a peccatore / secundum illud ysaie 59o Iniquitates nostre&#13;
diviserunt inter nos et deum / dividunt enim&#13;
peccata deum / a nobis / non quod deus mittet locum&#13;
propter peccatum / quia est Ubique ex inmensitate / sed quia&#13;
inimiciciam provocant / Sexto mergit in iehen¬&#13;
nam / secundum illud psalmi Convertantur peccatores in in¬&#13;
fernum o. g. q. ob. deum / Hoc dicitur ut dicit Augustinus&#13;
non optando / sed pronuncciative / sicut hoc innuit&#13;
salvator Mt 25o de agnis qui a dextris&#13;
sistentur et de edis qui sistentur a sinistris&#13;
/ qui ibunt in ignem etrnum / qui paratus est&#13;
dyablo et angelis eius Et similiter dicit Apstolus&#13;
primo corinthiorum 15o Et precedent qui bona egerent&#13;
in resurreccionem vite / qui vero mala in&#13;
resurreccionem iudicii / eterne dampancionis sine&#13;
fine durative ¶&#13;
Propter ista et similia pericula monet nos salvator&#13;
ut vigilemus / marci 13o dicens Vigilate ergo&#13;
nescitis enim quando dominus veniat / sero an media&#13;
nocte / an galli cantu / an mane / ne cum /</Unicode>
            </TextEquiv>
        </TextRegion>
    </Page>
</PcGts>
