5166 6845
694 1234 740 1294 qu
770 1228 878 1288 ista
939 1216 1309 1276 erubeste.
1339 1206 1432 1266 est
1463 1201 1569 1261 sibi
1601 1193 1785 1253 hostis
1831 1183 2000 1243 piclo

678 1360 952 1420 ſiſſimus
1002 1339 1359 1399 inſidiator
1391 1329 1521 1389 vite
1553 1324 1666 1384 xppi
1716 1319 1844 1379 filii
1878 1314 2022 1374 vmo

679 1478 838 1538 aune
905 1469 1038 1529 exeo
1092 1463 1144 1523 quo
1172 1457 1344 1517 honam
1385 1447 1691 1507 intentorum
1730 1438 1878 1498 quai
1917 1433 2065 1493 filium

671 1593 722 1653 in
760 1593 966 1653 mente
1004 1583 1287 1643 cnccepium
1327 1566 1570 1626 inpedit
1623 1557 1686 1617 ne
1726 1554 1984 1614 nascatr

674 1702 960 1762 Fmillid
1002 1697 1166 1757 yſaie
1234 1688 1288 1748 ʒa
1344 1677 1603 1737 venerut
1670 1667 1713 1727 in
1740 1660 1999 1720 ltitudis

682 1828 785 1888 sili
848 1821 1028 1881 adptu
1118 1811 1169 1871 et
1221 1802 1336 1862 non
1387 1796 1477 1856 eſt
1517 1787 1735 1847 virtus
1773 1780 2016 1840 piendi

687 1939 965 1999 impposito
1007 1930 1118 1990 eins
1160 1924 1299 1984 lono
1340 1917 1562 1977 nascim
1591 1910 1772 1970 quasi
1799 1906 2008 1966 nouus

681 2059 863 2119 homo
921 2051 962 2111 in
990 2047 1160 2107 corde
1188 2040 1469 2100 pnitntus
1497 2035 1624 2095 qui
1652 2034 1695 2094 in
1709 2032 2032 2092 confessione

686 2176 735 2236 et
784 2167 1147 2227 mexteiori
1184 2161 1296 2221 ope
1333 2158 1444 2218 ves
1483 2156 1731 2216 exutero
1782 2152 2055 2212 nascitur

705 2293 845 2353 quia
901 2288 958 2348 in
986 2286 1126 2346 luce
1183 2280 1464 2340 maiſeſte
1505 2274 1772 2334 egditur
1829 2264 2011 2324 hunc

711 2408 1063 2468 interioiem
1092 2399 1281 2459 bonum
1321 2391 1593 2451 cogitatu
1675 2380 2054 2440 erubescncia

703 2527 814 2587 non
869 2517 1036 2577 ſolum
1134 2508 1356 2568 initficit
1427 2504 1509 2564 ſed
1551 2500 1663 2560 nec
1704 2496 1955 2556 pmittit
1996 2487 2151 2547 naſci

700 2650 750 2710 et
788 2645 989 2705 quasi
1016 2637 1280 2697 trudelis
1329 2628 1506 2688 hostis
1570 2620 1784 2680 Nostes
1821 2617 1871 2677 ia
1923 2615 2047 2675 mor

687 2765 823 2825 tuos
863 2763 959 2823 non
999 2758 1243 2818 pitittit
1284 2752 1473 2812 exire
1541 2746 1608 2806 at
1649 2739 1840 2799 educe
1880 2731 2082 2791 decapo

694 2892 772 2952 at
825 2888 864 2948 si
903 2881 1086 2941 sciret
1126 2876 1217 2936 eos
1283 2868 1597 2928 deppimo
1648 2858 2054 2918 resuscitados

699 3008 786 3068 eo
815 3004 1004 3064 valet
1033 3000 1104 3060 quo
1135 2997 1236 3057 ipse
1279 2991 1628 3051 considerat
1670 2984 1888 3044 pericula
1931 2984 1976 3044 in
2005 2984 2064 3044 qu-

715 3133 836 3193 bus
887 3124 957 3184 est
1008 3119 1130 3179 quo
1164 3115 1234 3175 ad
1268 3112 1492 3172 corpus
1545 3110 1613 3170 que
1649 3109 1805 3169 forte
1839 3107 1943 3167 deo
1977 3104 2045 3164 per

732 3244 1079 3304 mittente,
1104 3238 1373 3298 dyablus
1436 3235 1564 3295 ipm
1629 3230 1949 3290 iugulabr
1988 3223 2039 3283 in

738 3379 894 3439 pitis
937 3375 1051 3435 ſuis
1093 3372 1107 3432 ·
1121 3371 1164 3431 et
1206 3367 1320 3427 quo
1363 3361 1591 3421 adaiam
1662 3348 2017 3408 conſideret

749 3503 835 3563 dei
872 3500 923 3560 in
972 3496 1234 3556 imicitia
1295 3487 1580 3547 osidando
1631 3480 1680 3540 en
1792 3474 1842 3534 in
1866 3467 2089 3527 remet

753 3626 790 3686 ſe
829 3620 1016 3680 quaſi
1055 3612 1218 3672 inter
1282 3603 1584 3663 latrones
1634 3593 2025 3653 dephenſum

746 3753 855 3813 qui
891 3746 952 3806 os
1001 3741 1159 3801 eius
1219 3731 1537 3791 obstrunt
1610 3723 1694 3783 ne
1731 3717 2012 3777 clamat
2060 3710 2108 3770 et

749 3871 1092 3931 eripiatur
1134 3857 1579 3917 ptranſentes
1649 3849 1722 3909 ſic
1764 3845 1822 3905 et
1864 3837 2065 3897 dyabls

742 3989 1188 4049 pererubesiuqu
1238 3978 1517 4038 obstruit
1569 3976 1619 4036 os
1671 3975 1733 4035 ne
1785 3972 1925 4032 votem
1950 3967 2104 4027 con-

762 4114 1076 4174 feſſionis
1118 4109 1391 4169 emittat
1447 4104 1619 4164 tamq
1706 4099 1890 4159 ſciens
1934 4093 2034 4153 adt

751 4238 1126 4298 confeffione
1168 4237 1355 4297 statim
1456 4232 1658 4292 adesse
1701 4226 1859 4286 domim
1901 4217 2090 4277 auxi

764 4358 950 4418 nulla
996 4358 1078 4418 en
1170 4358 1287 4418 vote
1345 4356 1683 4416 efficacius
1740 4351 1799 4411 in
1846 4346 2101 4406 votatue

752 4478 990 4538 celestis
1030 4478 1270 4538 sugsus
1349 4482 1603 4542 auxilii
1655 4481 1828 4541 nulla
1881 4476 2027 4536 enm

766 4600 902 4660 voce
916 4600 1162 4660 facilois
1217 4602 1463 4662 impett
1559 4602 1709 4662 quam
1736 4600 1859 4660 woce
1901 4598 1995 4658 pie
2050 4594 2104 4654 at

767 4727 1002 4787 ſincere
1050 4724 1395 4784 confeſſiof
1458 4718 1552 4778 ʒo
1583 4716 1897 4776 coſideret
1945 4723 2116 4783 ꝯpoſſ

778 4865 895 4925 eſſe
942 4856 1140 4916 guior
1175 4851 1200 4911 i
1234 4846 1502 4906 mncicia
1573 4842 1620 4902 et
1668 4842 1772 4902 aor
1807 4842 1818 4902 ·
1843 4842 1959 4902 qua
2018 4842 2111 4902 vii

773 4988 1029 5048 obstroe
1070 4982 1126 5042 os
1198 4976 1381 5036 peratum
1423 4968 1692 5028 euomem
1736 4959 2033 5019 venenum
2103 4952 2161 5012 qu-

765 5102 1027 5162 retenti
1115 5095 1253 5155 moy
1303 5092 1628 5152 interficit
1679 5086 1928 5146 hoimem
2016 5080 2128 5140 aut

771 5232 991 5292 phiber
1037 5227 1084 5287 et
1131 5222 1415 5282 obstruere
1446 5218 1493 5278 os
1541 5217 1604 5277 in
1650 5214 1855 5274 mersi
1902 5214 1950 5274 in
1966 5214 2090 5274 acus

788 5341 843 5401 et
872 5344 1121 5404 repleto
1149 5342 1162 5402 ·
1176 5341 1259 5401 ne
1300 5337 1468 5397 aqua
1522 5326 1841 5386 discupes
1882 5317 2090 5377 force

761 5437 1010 5497 venre
1069 5446 1212 5506 eins
1271 5450 1534 5510 effluat
1604 5447 1747 5507 aut
1794 5441 1865 5501 in
1914 5434 2043 5494 qua
2102 5426 2116 5486 ·

2436 1166 2766 1226 erpentes
2818 1156 3070 1216 quibus
3122 1141 3360 1201 stochus
3413 1127 3651 1187 plenius
3705 1119 3796 1179 est

2389 1290 2656 1350 exirent
2706 1287 2791 1347 ita
2839 1285 2936 1345 silt
2984 1279 3252 1339 obstruit
3314 1268 3374 1328 os
3423 1260 3556 1320 preua
3604 1244 3837 1304 erubes-

2402 1418 2540 1478 tencia
2610 1415 2650 1475 et
2707 1413 2747 1473 in
2788 1409 2982 1469 villat
3036 1402 3162 1462 Nec
3189 1396 3244 1456 em
3286 1389 3424 1449 emem
3437 1381 3589 1441 villa
3631 1365 3810 1425 dominten

2409 1563 2523 1623 ipsa
2571 1554 2716 1614 emem
2734 1547 2814 1607 est
2846 1539 3073 1599 ftenum
3122 1525 3332 1585 dyacum
3365 1517 3429 1577 quo
3461 1512 3624 1572 tenet
3672 1507 3720 1567 ob
3754 1505 3802 1565 in

2411 1683 2680 1743 frenatu
2761 1673 2842 1733 ne
2897 1665 3044 1725 quis
3084 1651 3409 1711 loquatur
3449 1638 3664 1698 contra
3719 1634 3772 1694 en

2435 1798 2764 1858 Siquidem
2861 1787 2983 1847 dya
3095 1773 3386 1833 deiectus
3448 1762 3533 1822 eſt
3582 1756 3777 1816 super

2417 1920 2766 1980 talemlet
2821 1912 2906 1972 cui
2975 1904 3116 1964 pus
3171 1891 3367 1951 quaſi
3408 1882 3465 1942 in
3492 1872 3771 1932 ſidiebat

2426 2041 2564 2101 post
2620 2030 2966 2090 displicencia
3022 2017 3203 2077 depcto
3244 2010 3327 2070 cum
3368 2002 3632 2062 vecumoia
3686 1994 3799 2054 ista

2428 2164 2648 2224 quasi
2675 2151 2950 2211 persolum
2977 2139 3196 2199 frenum
3225 2127 3472 2187 retinet
3512 2113 3787 2173 hominem

2435 2286 2504 2346 gu
2573 2283 2698 2343 alia
2740 2273 3019 2333 vincula
3074 2259 3186 2319 sunt
3213 2244 3506 2304 discupta
3561 2226 3799 2286 eiusdem

2451 2402 2545 2462 pto
2586 2397 2788 2457 valet
2828 2390 2976 2450 conea
3016 2381 3164 2441 istam
3272 2363 3474 2423 malam
3500 2338 3797 2398 erbestn
3837 2317 3877 2377 am

2442 2533 2504 2593 quo
2549 2525 2748 2585 homo
2793 2509 3099 2569 consideret
3161 2495 3221 2555 quo
3253 2487 3435 2547 patium
3465 2478 3604 2538 suum
3649 2466 3910 2526 finaliter

2443 2656 2578 2716 late
2618 2654 2739 2714 non
2780 2648 2875 2708 pet
2941 2643 2955 2703 f
3036 2636 3078 2696 qo
3118 2626 3294 2686 omnis
3333 2598 3805 2658 tirpitudotua

2427 2766 2841 2826 lucidissime
2878 2756 2991 2816 iam
3079 2743 3317 2803 videtit
3393 2728 3542 2788 adeo
3593 2720 3643 2780 quo
3657 2712 3844 2772 noscit

2432 2889 2759 2949 cogitatos
2819 2881 2940 2941 hom
3061 2875 3121 2935 et
3170 2867 3352 2927 corda
3423 2855 3618 2915 Cuito
3666 2847 3678 2907 q
3751 2838 3847 2898 iſla

2437 3002 2811 3062 erubescna
2872 2988 3184 3048 sinaliter
3245 2977 3372 3037 non
3418 2967 3527 3027 pter
3558 2953 3837 3013 abstonde

2453 3124 2587 3184 pcta
2649 3117 2845 3177 aput
2894 3110 3152 3170 honnem
3263 3098 3447 3158 Fiſta
3496 3090 3667 3150 omia
3728 3075 3902 3135 mai-

2470 3245 2828 3305 festabunt
2897 3233 3091 3293 indie
3147 3226 3394 3286 iudicii
3421 3218 3684 3278 omibus
3754 3206 3808 3266 qu

2471 3375 2629 3435 libri
2675 3358 3040 3418 aprientrs.
3087 3351 3278 3411 conscine
3324 3344 3658 3404 singulorum
3704 3329 3784 3389 ut
3816 3320 3878 3380 pe

2475 3489 2780 3549 danielis
2837 3482 2868 3542 a
2939 3478 3098 3538 vnde
3141 3476 3258 3536 ggs
3303 3472 3374 3532 do
3403 3466 3707 3526 moralium
3738 3454 3883 3514 neq-

2473 3612 2650 3672 quam
2763 3602 3196 3662 adconfessione
3245 3596 3308 3656 os
3358 3591 3647 3651 panditur
3695 3579 3823 3639 nisi

2467 3747 2529 3807 cu
2592 3731 3100 3791 consideracone
3150 3720 3428 3780 districti
3467 3714 3695 3774 iudicii
3720 3707 3848 3767 perpa-

2470 3864 2658 3924 uorem
2724 3858 2872 3918 ſpus
2927 3845 3355 3905 anguſtatur
3410 3833 3597 3893 sexto
3651 3828 3679 3888 q
3732 3824 3827 3884 ho-

2459 3982 2847 4042 consideret
2912 3971 3171 4031 ꝯualde
3222 3959 3610 4019 rephensie
3637 3949 3701 4009 est
3754 3942 3818 4002 et

2475 4104 2946 4164 pusillamime
2985 4090 3195 4150 tantam
3221 4084 3379 4144 glam
3472 4074 3615 4134 quam
3708 4063 3851 4123 quis

2481 4232 2766 4292 assequit
2830 4219 2882 4279 in
2921 4207 3322 4267 confessione
3387 4190 3619 4250 timore
3670 4177 3864 4237 vius

2493 4361 2718 4421 homis
2786 4344 3026 4404 molis
3065 4333 3118 4393 et
3157 4326 3318 4386 forte
3371 4316 3478 4376 ecia
3531 4305 3797 4365 pctoris

2502 4478 2685 4538 dehot
2725 4471 2856 4531 non
2922 4457 3327 4517 standalizat
3406 4444 3419 4504 s
3471 4438 3693 4498 pocius
3734 4432 3944 4492 compati-

2513 4601 2570 4661 et
2615 4597 2759 4657 post
2803 4588 3063 4648 homiem
3150 4573 3396 4633 incorde
3455 4564 3629 4624 plus
3658 4559 3889 4619 diligit

2503 4724 2546 4784 et
2591 4719 2823 4779 statim
2897 4710 3277 4770 obliuisciter
3306 4701 3511 4761 septio
3540 4695 3598 4755 quo
3627 4687 3861 4747 precipue

2499 4839 2801 4899 conſider
2843 4834 2930 4894 tot
2974 4826 3305 4886 utilitates
3361 4817 3534 4877 dctas
3578 4810 3621 4870 ſe
3663 4801 3851 4861 pitrn

2506 4956 2770 5016 poquam
2815 4946 2917 5006 tot
2961 4942 3108 5002 pita
3166 4938 3343 4998 vicius
3372 4933 3622 4993 perrera
3680 4923 3931 4983 contritor

2510 5075 2569 5135 de
2615 5069 2706 5129 eis
2751 5066 2827 5126 cu
2871 5059 3097 5119 proposito
3141 5048 3458 5108 amplius
3502 5032 3893 5092 abscinendi

2505 5200 2566 5260 et
2616 5194 2641 5254 q
2714 5183 2924 5243 homo
2985 5172 3208 5232 tiet
3256 5165 3355 5225 tin
3404 5158 3540 5218 peruu
3625 5151 3675 5211 et
3724 5146 3773 5206 in
3823 5139 3921 5199 et-

2512 5318 2668 5378 mem
2778 5305 2840 5365 et
2888 5299 3139 5359 debilem
3265 5292 3499 5352 hoſtem
3593 5285 3719 5345 qui
3765 5277 3891 5337 non
