5166 6804
1488 1237 1564 1297 quod
1579 1230 1937 1290 circimiscancias
1991 1224 2310 1284 aggunates
2341 1222 2394 1282 que
2416 1219 2545 1279 non
2568 1212 2774 1272 tircalunt

1441 1357 1520 1417 in
1535 1353 1731 1413 novum
1754 1349 1980 1409 genis
2019 1348 2230 1408 altius
2261 1345 2379 1405 peccati
2395 1344 2410 1404 /
2418 1344 2472 1404 que
2488 1341 2606 1401 similiter
2621 1332 2785 1392 profsus

1439 1482 1650 1542 nullus
1672 1477 1756 1537 debet
1770 1474 1996 1534 confiteri
2053 1474 2151 1534 sed
2165 1475 2228 1535 si
2250 1476 2546 1536 ccumstonio
2589 1473 2624 1533 est
2652 1469 2856 1529 rabns

1425 1602 1501 1662 in
1523 1600 1714 1660 aliud
1760 1599 1997 1659 genus
2028 1601 2157 1661 peccati
2219 1602 2288 1662 quod
2295 1602 2349 1662 si
2387 1602 2670 1662 revelatur
2693 1594 2792 1654 tunc

1416 1730 1726 1790 confessor
1765 1728 1904 1788 nunc
1951 1724 2059 1784 vel
2083 1722 2269 1782 postimus
2300 1720 2502 1780 noscet
2540 1720 2587 1780 per
2603 1722 2835 1782 sonam

1477 1854 1668 1914 verbi
1701 1852 1813 1912 gracia
1853 1848 2005 1908 siqus
2025 1841 2322 1901 congnosceret
2361 1835 2612 1895 inremit
2645 1834 2764 1894 failia

1439 1983 1542 2043 vel
1576 1978 1776 2038 sorore
1818 1974 1914 2034 vel
1956 1970 2253 2030 maiteram
2273 1969 2287 2029 /
2301 1968 2349 2028 et
2397 1966 2542 2026 haberet
2577 1962 2777 2022 solam

1420 2102 1616 2162 vncam
1646 2095 1804 2155 netam
1827 2090 1992 2150 sacrameni
2014 2088 2030 2148 /
2045 2088 2105 2148 quod
2113 2086 2234 2146 talis
2264 2085 2436 2145 faciet
2504 2084 2685 2144 dicunt
2738 2082 2828 2142 doc

1462 2228 1615 2288 tores
1645 2222 1699 2282 quod
1714 2219 1829 2279 talis
1866 2212 2027 2272 quantum
2050 2205 2378 2265 subpertari
2400 2200 2492 2260 potest
2507 2199 2638 2259 nullo
2683 2198 2812 2258 con¬

1465 2352 1643 2412 fiteatur
1673 2346 1829 2406 sacrmei
1851 2341 1933 2401 ctli
1947 2339 1963 2399 /
1978 2337 2030 2397 sed
2044 2333 2171 2393 inter
2186 2328 2372 2388 habentes
2416 2324 2595 2384 aucerte
2639 2324 2699 2384 in
2721 2324 2810 2384 eum

1465 2469 1685 2529 querat
1709 2464 1827 2524 sibi
1851 2460 2008 2520 unum
2048 2458 2157 2518 qui
2189 2455 2362 2515 visiter
2386 2452 2551 2512 inqua
2582 2450 2787 2510 noscat

1430 2586 1484 2646 per
1492 2584 1677 2644 sonam
1715 2582 2085 2642 revelandam
2123 2580 2184 2640 Et
2207 2579 2262 2639 si
2292 2577 2515 2637 vullus
2554 2574 2647 2634 est
2677 2572 2800 2632 talis

1465 2702 1753 2762 recurrat
1790 2698 1855 2758 ad
1883 2698 2043 2758 Epistum
2086 2696 2194 2756 vel
2230 2695 2368 2755 suum
2404 2690 2657 2750 vicarium
2693 2683 2715 2743 /
2730 2679 2794 2739 et

1484 2818 1678 2878 icentua
1734 2810 1955 2870 abtenta
1997 2810 2011 2870 /
2024 2810 2225 2870 queat
2252 2812 2363 2872 sibi
2391 2810 2529 2870 unim
2564 2805 2613 2865 que
2626 2797 2785 2857 persoaem

1445 2929 1894 2989 manifestandam
1924 2924 2056 2984 non
2094 2924 2435 2984 cognoscat
2474 2924 2567 2984 nuit
2605 2918 2806 2978 unque

1437 3049 1695 3109 infutum
1734 3042 1867 3102 Sed
1906 3040 1969 3100 quid
1985 3040 2031 3100 si
2062 3038 2281 3098 nullum
2305 3038 2469 3098 talem
2485 3036 2641 3096 posset
2673 3034 2789 3094 habere

1429 3179 1443 3239 /
1457 3175 1535 3235 quia
1557 3168 1762 3228 exire
1783 3165 1932 3225 non
1960 3164 2060 3224 potest
2074 3164 2152 3224 unct
2180 3164 2357 3224 mite
2393 3166 2407 3226 /
2429 3166 2485 3226 et
2513 3166 2662 3226 forte
2691 3166 2839 3226 iam¬

1453 3296 1541 3356 est
1571 3293 1646 3353 in
1660 3289 1875 3349 agone
1897 3288 1920 3348 /
1935 3287 1994 3347 et
2016 3286 2172 3346 statim
2194 3284 2388 3344 credit
2425 3284 2476 3344 se
2506 3282 2839 3342 moriturum

1444 3415 1599 3475 icit
1642 3411 1721 3471 scus
1735 3410 1798 3470 Tos
1827 3408 1904 3468 in
1926 3406 2267 3466 quodlibetis
2302 3405 2373 3465 quod
2387 3404 2600 3464 famat
2643 3401 2798 3461 debet

1487 3532 1659 3592 vade
1691 3530 1893 3590 custodi
1932 3530 2011 3590 in
2026 3530 2190 3590 quantum
2214 3530 2292 3590 potest
2299 3529 2307 3589 /
2323 3528 2378 3588 sed
2393 3527 2620 3587 magis
2651 3523 2807 3583 debet

1437 3654 1708 3714 purgare
1737 3655 1869 3715 suam
1891 3654 2140 3714 conscienciam
2162 3654 2184 3714 /
2206 3653 2265 3713 et
2287 3652 2367 3712 sic
2403 3650 2645 3710 videtur
2682 3646 2843 3706 velle

1451 3780 1518 3840 quod
1548 3778 1615 3838 in
1630 3775 1742 3835 isto
1787 3772 1929 3832 casu
1982 3769 2228 3829 deberet
2273 3766 2504 3826 personam
2534 3758 2870 3818 notifficare

1439 3898 1526 3958 ut
1575 3892 1742 3952 consciencie
1765 3888 2068 3948 satisfaceret
2115 3885 2227 3945 Sed
2258 3884 2418 3944 illud
2457 3879 2593 3939 non
2632 3871 2831 3931 videtur

1501 4019 1699 4079 michi
1718 4016 1724 4076 /
1742 4014 1809 4074 quia
1835 4012 1878 4072 ex
1921 4009 2118 4069 precepto
2161 4006 2242 4066 dei
2266 4004 2427 4064 tenor
2451 4002 2544 4062 non
2568 4000 2587 4060 in
2605 3998 2821 4058 famare

1491 4147 1737 4207 aliquam
1765 4135 1990 4195 personam
2004 4131 2018 4191 /
2032 4130 2096 4190 et
2132 4126 2385 4186 aforciori
2420 4122 2491 4182 in
2512 4117 2822 4177 coniunctam

1448 4278 1514 4338 in
1531 4265 1874 4325 confagnitate
1908 4256 1974 4316 ideo
2007 4255 2083 4315 in
2092 4254 2167 4314 terli
2192 4253 2334 4313 casu
2384 4252 2468 4312 est
2493 4250 2710 4310 consilium
2735 4246 2886 4306 meum

1445 4397 1523 4457 quod
1540 4390 1669 4450 talis
1694 4384 1901 4444 nullo
1927 4382 2091 4442 prodat
2125 4384 2366 4444 personam
2409 4384 2460 4444 sed
2470 4384 2529 4444 quod
2546 4380 2710 4440 dicat
2745 4373 2882 4433 con¬

1454 4509 1617 4569 fiteor
1666 4510 1732 4570 quod
1757 4510 1863 4570 hoc
1904 4510 2093 4570 peccatum
2125 4510 2339 4570 commisi
2371 4507 2445 4567 cum
2470 4501 2617 4561 vna
2650 4494 2707 4554 per
2716 4486 2871 4546 sona

1455 4628 1535 4688 in
1566 4628 1653 4688 in
1676 4629 2037 4689 consaguitate
2081 4628 2265 4688 multum
2287 4625 2560 4685 propenqua
2648 4620 2817 4680 ratione

1459 4752 1527 4812 con
1550 4752 1718 4812 peccatum
1757 4752 1887 4812 gve
1917 4752 2002 4812 est
2048 4752 2116 4812 Et
2139 4752 2194 4812 si
2224 4751 2538 4811 confessor
2569 4747 2614 4807 ex
2668 4743 2783 4803 sim
2790 4739 2859 4799 pet

1460 4872 1562 4932 vel
1605 4874 1778 4934 alias
1814 4874 2067 4934 quereret
2125 4872 2183 4932 de
2197 4870 2428 4930 gradu
2486 4862 2861 4922 propenquitatis

1441 4988 1610 5048 debet
1659 4986 1780 5046 sibi
1808 4988 1934 5048 dici
1963 4988 1984 5048 /
2005 4988 2147 5048 sitis
2168 4988 2449 5048 contentus
2471 4985 2485 5045 /
2507 4983 2612 5043 ista
2661 4974 2816 5034 vicere

1487 5104 1707 5164 adnos
1760 5104 1900 5164 non
1933 5104 2126 5164 pertium
2160 5106 2413 5166 indutere
2452 5104 2512 5164 ad
2539 5099 2838 5159 infamand

1494 5223 1731 5283 aliquam
1761 5220 1977 5280 parsona
2028 5220 2035 5280 /
2056 5218 2267 5278 peniteniam
2288 5216 2440 5276 quam
2469 5212 2663 5272 michi
2699 5205 2844 5265 peristo

1456 5337 1851 5397 iniungentis
1903 5334 2012 5394 ego
2034 5334 2247 5394 sponte
2298 5330 2584 5390 suscipiam
2627 5321 2782 5381 Siliter
2803 5313 2876 5373 dicit

1492 5451 1704 5511 allexander
1726 5446 1784 5506 de
1806 5442 2011 5502 hallis
2041 5440 2106 5500 quod
2128 5440 2223 5500 non
2259 5438 2523 5498 debemus
2545 5437 2793 5497 confiteri

3216 1216 3369 1276 peccato
3412 1212 3616 1272 aliena
3649 1210 3666 1270 /
3684 1208 3812 1268 nisi
3837 1206 4007 1266 essent
4041 1204 4313 1264 ircumstatur
4329 1202 4551 1262 propigatir

3170 1340 3258 1400 ita
3288 1337 3353 1397 quod
3376 1335 3552 1395 iulla
3590 1331 3708 1391 fieret
3730 1330 3951 1390 perdicio
4009 1326 4186 1386 crmnis
4230 1324 4525 1384 alterius
4547 1324 4563 1384 /

3195 1454 3249 1514 et
3284 1448 3449 1508 tanto
3484 1444 3663 1504 modo
3705 1445 3746 1505 si
3760 1446 3843 1506 ut
3870 1446 3926 1506 si
3960 1449 4111 1509 multer
4132 1451 4263 1511 fuit
4304 1451 4552 1511 cognita¬

3183 1578 3207 1638 a
3230 1572 3347 1632 suo
3378 1568 3487 1628 epestro
3511 1567 3534 1627 /
3549 1566 3792 1626 sufficit
3830 1568 3893 1628 quod
3901 1570 3979 1630 sit
4002 1571 4236 1631 congnita
4314 1569 4563 1629 aquodam

3174 1688 3457 1748 magno
3487 1686 3678 1746 plato
3701 1688 3778 1748 Ita
3816 1688 3946 1748 similiter
3977 1690 4053 1750 dicit
4068 1690 4122 1750 de
4145 1690 4244 1750 illa
4290 1690 4413 1750 que
4451 1688 4559 1748 esset

3205 1810 3434 1870 cognita
3483 1811 3584 1871 appte
3633 1810 3898 1870 confiteretur
3926 1804 4248 1864 subquodam
4283 1800 4326 1860 in
4333 1797 4526 1857 volunto

3199 1919 3286 1979 so
3322 1923 3343 1983 /
3365 1926 3646 1986 egostum
3675 1927 3891 1987 cognita
3950 1926 3971 1986 a
3993 1924 4209 1984 quodam
4238 1924 4476 1984 magno

3218 2048 3401 2108 plato
3437 2049 3450 2109 /
3462 2048 3523 2108 et
3560 2048 3609 2108 de
3621 2045 3981 2105 maioribus
4012 2042 4213 2102 mundo
4244 2040 4385 2100 uno
4427 2042 4506 2102 non

3212 2164 3538 2224 detogendo
3569 2158 3791 2218 personam
3821 2154 3888 2214 in
3895 2152 4067 2212 sprali
4111 2150 4178 2210 Et
4193 2150 4334 2210 similiter
4357 2151 4415 2211 de
4438 2154 4527 2214 sol¬

3192 2277 3433 2337 licitate
3491 2271 3564 2331 ad
3578 2270 3806 2330 malum
3827 2270 3951 2330 talis
3980 2270 4112 2330 enim
4141 2272 4361 2332 cautius
4390 2272 4514 2332 ext

3199 2394 3512 2454 confessionem
3532 2389 3552 2449 /
3559 2388 3619 2448 et
3647 2386 3796 2446 coram
3823 2382 3979 2442 bono
4020 2380 4094 2440 est
4129 2379 4462 2439 corrigendam

3198 2512 3278 2572 ut
3316 2508 3567 2568 desistat
3611 2504 3714 2564 vel
3744 2502 3899 2562 coram
3921 2498 4195 2558 confessore
4253 2491 4438 2551 addit
4460 2486 4535 2546 tamtu¬

3193 2625 3349 2685 unum
3382 2628 3456 2688 quod
3464 2626 3810 2686 possitesse
3843 2618 4015 2678 tanta
4056 2608 4294 2668 presumpcio
4336 2598 4590 2658 bonitatis

3198 2757 3266 2817 et
3288 2758 3440 2818 scitcis
3455 2752 3825 2812 confessoris
3878 2744 3945 2804 quod
3976 2741 4044 2801 in
4067 2736 4196 2796 nullo
4233 2728 4376 2788 casu
4415 2721 4580 2781 timeretu

3244 2876 3608 2936 dostandalo
3641 2870 3751 2930 vel
3783 2864 3946 2924 aliquo
3978 2857 4128 2917 malo
4173 2850 4310 2910 vri
4362 2845 4485 2905 enim

3228 2992 3494 3052 magne
3534 2988 3807 3048 profectionis
3848 2977 4209 3037 conpaciuntur
4236 2967 4501 3027 peccatoribus

3219 3108 3284 3168 et
3315 3108 3373 3168 de
3386 3107 3553 3167 peccatis
3585 3104 3721 3164 non
3733 3095 4177 3155 standaliantur
4202 3090 4221 3150 /
4234 3088 4286 3148 et
4312 3086 4492 3146 quanto

3240 3226 3483 3286 magis
3522 3220 3770 3280 enormmia
3802 3215 3822 3275 /
3835 3213 3937 3273 sunt
3975 3210 4148 3270 tanto
4173 3206 4371 3266 magnis
4390 3204 4505 3264 compa

3195 3336 3381 3396 cunitur
3388 3330 3402 3390 /
3416 3327 3545 3387 secundum
3559 3326 3631 3386 ilud
3674 3324 3753 3384 secud
3795 3322 3938 3382 corius
3952 3322 4030 3382 1o
4053 3322 4067 3382 /
4095 3322 4288 3382 Quis
4323 3318 4595 3378 infirma

3207 3460 3262 3520 et
3304 3450 3427 3510 ego
3468 3442 3605 3502 non
3640 3438 3983 3498 infirmor
4005 3438 4032 3498 /
4045 3438 4210 3498 quis
4238 3434 4574 3494 scandalira

3202 3580 3267 3640 et
3303 3567 3433 3627 ego
3476 3557 3621 3617 non
3657 3554 3816 3614 uror
3851 3554 3866 3614 /
3888 3554 3953 3614 Et
3967 3554 4191 3614 siquis
4227 3551 4364 3611 haberet
4415 3545 4566 3605 talem

3253 3677 3592 3737 confessorem
3608 3671 3624 3731 /
3631 3670 3686 3730 et
3718 3668 3876 3728 alium
3915 3666 4057 3726 habtere
4089 3663 4215 3723 non
4246 3657 4452 3717 posset

3240 3796 3399 3856 focte
3436 3792 3588 3852 huuic
3631 3790 3784 3850 posset
3806 3785 4139 3845 criscaninum
4168 3774 4393 3834 confiteri
4407 3766 4429 3826 /
4443 3762 4516 3822 sed

3241 3916 3385 3976 non
3419 3912 3562 3972 oprtet
3582 3910 3644 3970 quod
3658 3906 3890 3966 nominent
3951 3901 4012 3961 in
4027 3896 4183 3956 sprali
4210 3892 4259 3952 per
4265 3884 4497 3944 sonam

3235 4046 3320 4106 cum
3341 4037 3468 4097 qua
3511 4031 3765 4091 peccavit
3808 4028 3865 4088 sed
3887 4026 3950 4086 in
3964 4024 4148 4084 generali
4184 4019 4297 4079 modo
4318 4009 4473 4069 practo

3232 4166 3289 4226 Et
3328 4159 3417 4219 ita
3462 4152 3690 4212 debent
3754 4142 4072 4202 informari
4110 4130 4402 4190 confitentes
4428 4121 4485 4181 Et

3249 4279 3374 4339 similiter
3388 4268 3706 4328 suadendum
3754 4262 3845 4322 est
3879 4259 4233 4319 muieribus
4260 4255 4267 4315 /
4288 4254 4350 4314 quod
4364 4248 4503 4308 non
4523 4241 4585 4301 p¬

3242 4393 3405 4453 dantri
3422 4386 3592 4446 viros
3626 4382 3642 4442 /
3659 4381 3710 4441 et
3739 4378 3913 4438 viris
3941 4377 4004 4437 quod
4015 4374 4162 4434 non
4179 4371 4416 4431 predentur
4438 4362 4619 4422 mues
4653 4355 4664 4415 /

3263 4504 3744 4564 decrcumstaciis
3785 4501 3972 4561 aliquando
3988 4501 4005 4561 /
4030 4500 4233 4560 malis
4258 4494 4421 4554 quos
4445 4484 4543 4544 sili¬

3266 4633 3541 4693 committut
3592 4630 3650 4690 de
3669 4625 3918 4685 quibus
3944 4620 4097 4680 caceo
4129 4614 4328 4674 videat
4366 4604 4596 4664 qulibet

3206 4753 3527 4813 consciniam
3557 4747 3695 4807 suam
3726 4744 3741 4804 /
3764 4742 3887 4802 ista
3932 4738 4147 4798 dictat
4185 4730 4315 4790 sibi
4346 4723 4491 4783 talia
4538 4717 4606 4777 Et

3246 4875 3373 4935 similiter
3398 4871 3539 4931 dicendum
3570 4867 3635 4927 de
3647 4864 3755 4924 isto
3793 4860 3915 4920 qui
3953 4854 4163 4914 occulte
4207 4846 4417 4906 occidit
4449 4837 4602 4897 siem

3306 4998 3379 5058 lu
3415 4989 3765 5049 confessoris
3780 4981 3802 5041 /
3809 4979 3904 5039 tem
3925 4975 4013 5035 est
4042 4967 4333 5027 iuxorbus
4355 4961 4369 5021 /
4376 4957 4573 5017 quando

3249 5119 3386 5179 suit
3405 5110 3704 5170 circumscans
3730 5101 3912 5161 male
3945 5098 3964 5158 /
3983 5095 4061 5155 ut
4094 5093 4152 5153 quod
4165 5089 4308 5149 forte
4334 5081 4575 5141 excessit

3270 5241 3696 5301 congnoscendo
3726 5229 3919 5289 usorem
3942 5226 4050 5286 sua
4097 5225 4113 5285 /
4128 5221 4492 5281 qualitrcumque

3249 5386 3317 5446 quod
3335 5374 3548 5434 caprat
3590 5365 3616 5425 a
3650 5360 3769 5420 bo
3804 5352 4034 5412 liceciam
4059 5348 4076 5408 /
4094 5348 4153 5408 et
4179 5346 4247 5406 exi
4281 5346 4341 5406 se
4366 5344 4597 5404 muntuo
