5166 6804
1374 1211 1809 1271 reissionis
1860 1214 1926 1274 Et
1961 1214 2053 1274 sic
2086 1214 2178 1274 dicit
2203 1214 2464 1274 Scotus
2480 1212 2547 1272 id
2573 1210 2731 1270 quod

1349 1334 1624 1394 habetur
1672 1332 1752 1392 3o
1785 1330 1907 1390 questione
1947 1330 2060 1390 uta
2116 1328 2180 1388 quod
2206 1326 2489 1386 aliquis
2513 1323 2714 1383 posfset

1385 1457 1603 1517 confiti
1640 1453 1693 1513 per
1701 1452 1933 1512 sciptura
1970 1450 1985 1510 /
2000 1450 2457 1510 intelligendum
2480 1448 2562 1508 est
2577 1446 2592 1506 /
2607 1444 2712 1504 quando

1349 1583 1687 1643 confitens
1727 1579 1810 1639 est
1834 1578 1983 1638 pis
2008 1576 2082 1636 cum
2107 1574 2355 1634 confessore
2379 1570 2478 1630 scilicet
2486 1568 2535 1628 si
2569 1564 2717 1624 alieo
2741 1560 2749 1620 /

1358 1708 1485 1768 non
1518 1708 1685 1768 patemque
1724 1706 1955 1766 absens
1988 1703 2091 1763 non
2114 1700 2210 1760 potest
2226 1698 2386 1758 licite
2417 1695 2433 1755 /
2441 1693 2497 1753 sed
2521 1687 2760 1747 absens

1410 1834 1722 1894 exspectat
1761 1828 1956 1888 penciam
1988 1824 2074 1884 cum
2090 1821 2300 1881 proposito
2339 1811 2683 1871 confitendi

1348 1962 1420 2022 ea
1477 1958 1709 2018 habita
1765 1947 2054 2007 Adquartum
2094 1939 2182 1999 dicit
2214 1934 2471 1994 Scotus
2503 1934 2632 1994 ubi
2672 1937 2728 1997 suta

1359 2080 1435 2140 in
1449 2074 1771 2134 solucione
1819 2061 1993 2121 ultier
2021 2053 2230 2113 racionis
2251 2052 2265 2112 /
2279 2052 2349 2112 quod
2370 2052 2551 2112 sipier
2579 2057 2753 2117 innon

1399 2194 1545 2254 tens
1594 2188 1618 2248 a
1643 2183 1826 2243 mortali
1863 2180 1917 2240 et
1967 2176 2205 2236 veniali
2241 2176 2253 2236 /
2272 2176 2675 2236 nontenetur

1363 2313 1623 2373 confiteri
1641 2307 1668 2367 /
1686 2305 1758 2365 quia
1767 2303 1830 2363 si
1856 2299 2162 2359 conftendo
2198 2297 2360 2357 diceret
2395 2296 2458 2356 se
2493 2298 2718 2358 peccasse
2745 2298 2764 2358 /

1371 2435 1454 2495 cum
1501 2433 1645 2493 non
1665 2430 1918 2490 peccavit
1946 2428 1952 2488 /
1974 2426 2295 2486 mentieretur
2329 2426 2391 2486 et
2425 2426 2692 2486 preccaret

1362 2562 1430 2622 Et
1451 2562 1549 2622 ita
1579 2560 1755 2620 dicit
1795 2557 1874 2617 quod
1893 2556 1952 2616 si
1971 2556 2069 2616 berta
2119 2553 2266 2613 vrriego
2295 2550 2492 2610 suisset
2512 2548 2718 2608 confissa

1357 2686 1495 2746 peto
1527 2686 1665 2746 post
1713 2684 2062 2744 ascensionem
2087 2682 2184 2742 ipsa
2225 2680 2525 2740 confitendo
2558 2674 2792 2734 peccasset

1352 2812 1471 2872 sed
1514 2808 1564 2868 si
1606 2806 1691 2866 est
1726 2804 1797 2864 in
1812 2802 2016 2862 nocens
2066 2798 2256 2858 apecato
2292 2794 2511 2854 mortali
2547 2789 2554 2849 /
2575 2788 2639 2848 et
2667 2784 2751 2844 teamn¬

1399 2940 1494 3000 est
1534 2934 1606 2994 in
1621 2928 1757 2988 peccato
1789 2922 2036 2982 veniali
2044 2918 2139 2978 /dicit
2155 2917 2219 2977 quod
2235 2916 2323 2976 potest
2346 2914 2609 2974 confiter
2665 2912 2745 2972 snca

1366 3067 1426 3127 et
1461 3060 1582 3120 eciam
1590 3055 1685 3115 potest
1702 3052 1849 3112 non
1883 3050 2115 3110 consiti
2142 3050 2159 3110 /
2176 3051 2262 3111 quia
2279 3051 2538 3111 preceptum
2564 3048 2727 3108 solum

1362 3186 1557 3246 ligatur
1612 3183 1682 3243 ad
1713 3180 2001 3240 confitendum
2033 3177 2267 3237 mortalia
2305 3173 2321 3233 /
2344 3172 2430 3232 ut
2461 3164 2695 3224 partebit

1425 3300 1483 3360 in
1498 3298 1710 3358 sequenti
1731 3296 1964 3356 sermone
1993 3294 2016 3354 /
2023 3294 2074 3354 et
2110 3293 2212 3353 hoc
2241 3291 2402 3351 videtr
2431 3289 2555 3349 bede
2591 3288 2752 3348 allexde

1365 3425 1421 3485 de
1446 3422 1674 3482 hallis
1707 3418 1813 3478 4ta
1837 3416 1951 3476 parte
1993 3414 2172 3474 sumne
2220 3412 2302 3472 in
2319 3410 2433 3470 ista
2473 3405 2718 3465 materia

1412 3548 1633 3608 dicens
1654 3548 1668 3608 /
1682 3548 1739 3608 quod
1760 3545 1875 3605 iste
1910 3541 2017 3601 qui
2060 3536 2180 3596 non
2216 3530 2358 3590 habes
2379 3525 2614 3585 conscienciam
2643 3525 2799 3585 morta¬

1373 3672 1467 3732 lis
1494 3670 1642 3730 peccati
1685 3668 1849 3728 teneu
1883 3662 2152 3722 confiteri
2187 3660 2344 3720 ratione
2387 3659 2733 3719 institucionism

1381 3790 1517 3850 ecclerie
1540 3788 1570 3848 /
1585 3787 1647 3847 se
1692 3786 1813 3846 esse
1851 3786 2064 3846 peccatore
2109 3784 2177 3844 in
2185 3784 2405 3844 gnali
2435 3784 2443 3844 /
2466 3784 2565 3844 non
2587 3781 2716 3841 spe¬

1359 3905 1651 3965 cifficado
1708 3904 1772 3964 de
1806 3904 2033 3964 aliquo
2073 3906 2219 3966 peccato
2261 3908 2447 3968 mortali
2487 3910 2585 3970 vel
2626 3912 2820 3972 venali

1364 4035 1436 4095 et
1468 4031 1556 4091 eset
1580 4028 1668 4088 sic
1707 4028 1860 4088 non
1891 4028 1972 4088 dicit
1996 4028 2131 4088 contra
2148 4028 2396 4088 conscienciam
2411 4028 2427 4088 /
2443 4027 2515 4087 quia
2531 4023 2723 4083 unus¬

1365 4155 1599 4215 quisque
1637 4150 1694 4210 ex
1750 4149 1918 4209 conscinia
1956 4150 2106 4210 bona
2163 4150 2238 4210 et
2266 4152 2482 4212 secura
2510 4154 2603 4214 potest
2623 4156 2754 4216 dicere

1379 4282 1420 4342 est
1444 4281 1486 4341 est
1494 4278 1585 4338 sse
1617 4276 1831 4336 peccatore
1880 4272 2086 4332 Ixrta
2127 4272 2193 4332 ilud
2217 4274 2456 4334 proerbiorum
2488 4278 2571 4338 seo
2595 4281 2702 4341 duis

1357 4400 1572 4460 potest
1617 4396 1758 4456 dicere
1794 4396 2032 4456 mundum
2069 4396 2166 4456 est
2202 4396 2307 4456 cor
2343 4394 2521 4454 meum
2528 4392 2543 4452 /
2551 4390 2699 4450 pus

1358 4521 1517 4581 sum
1543 4515 1720 4575 apeccato
1754 4513 1763 4573 /
1779 4512 1847 4572 Et
1872 4512 1974 4572 prima
2007 4512 2193 4572 inohis
2210 4514 2310 4574 primo
2335 4515 2412 4575 Si
2437 4518 2698 4578 diximus

1341 4644 1461 4704 quiam
1490 4644 1660 4704 peccatum
1695 4644 1823 4704 non
1865 4644 2107 4704 hemus
2135 4642 2411 4702 nosipons
2447 4642 2701 4702 seducius

1347 4766 1630 4826 Tamen
1652 4763 1721 4823 quia
1744 4762 1866 4822 ista
1919 4758 2224 4818 confessio
2270 4758 2354 4818 est
2391 4759 2696 4819 instituta

1357 4884 1413 4944 ab
1438 4883 1574 4943 eccam
1598 4882 1679 4942 propter
1695 4882 2024 4942 vrevenciam
2065 4884 2250 4944 corporis
2274 4886 2346 4946 hrist
2354 4886 2370 4946 /
2394 4887 2459 4947 ad
2475 4889 2547 4949 quod
2563 4891 2708 4951 acce¬

1348 5011 1535 5071 dendem
1574 5008 1658 5068 est
1690 5006 1780 5066 cum
1812 5006 2064 5066 magna
2109 5010 2419 5070 revencia
2471 5012 2522 5072 et
2548 5016 2742 5076 timore
2761 5018 2775 5078 /

1362 5134 1430 5194 Et
1461 5131 1544 5191 quia
1566 5127 1868 5187 venialia
1906 5124 2065 5184 forte
2102 5125 2404 5185 dinimunt
2449 5131 2751 5191 efficienciam

1388 5256 1552 5316 sacramli
1573 5254 1669 5314 sicut
1682 5252 1737 5312 et
1764 5250 2038 5310 devocione
2072 5248 2209 5308 atione
2243 5248 2256 5308 /
2270 5250 2400 5310 cius
2427 5250 2557 5310 quis
2591 5253 2681 5313 non

1345 5388 1442 5448 ita
1475 5382 1751 5442 reventer
1792 5380 2020 5440 accedit
2036 5380 2060 5440 /
2078 5380 2142 5440 ideo
2174 5380 2264 5440 est
2288 5380 2565 5440 confilitum
2590 5378 2801 5438 equearis

3106 1194 3122 1254 /
3139 1196 3198 1256 quod
3215 1199 3341 1259 talis
3376 1202 3602 1262 confiteaur
3636 1200 3914 1260 vemalia
3964 1198 4023 1258 ea
4056 1198 4174 1258 que
4200 1200 4326 1260 sibi
4351 1204 4452 1264 tunc

3123 1320 3342 1380 occurunt
3384 1320 3678 1380 meniorie
3712 1320 3733 1380 /
3753 1320 3856 1380 Sed
3890 1322 3946 1382 de
3966 1322 4075 1382 hoc
4117 1322 4274 1382 insra
4301 1318 4493 1378 videbi

3119 1442 3435 1502 amplius
3477 1440 3578 1500 2oc
3606 1440 3664 1500 si
3699 1442 3835 1502 vult
3857 1444 4087 1504 conuncare
4115 1446 4137 1506 /
4165 1444 4480 1504 dubitatur

3102 1564 3232 1624 vitrum
3268 1562 3672 1622 obstinatus
3716 1562 3788 1622 in
3803 1564 3940 1624 peccato
3969 1566 4171 1626 mortali
4193 1566 4207 1626 /
4221 1566 4467 1626 quodino

3113 1686 3318 1746 propoit
3365 1684 3608 1744 dimitte
3639 1682 3647 1742 /
3663 1682 3954 1742 teneatur
3993 1684 4284 1744 confiteri
4308 1687 4323 1747 i
4331 1688 4394 1748 et
4409 1690 4456 1750 si

3106 1817 3190 1877 dicit
3228 1815 3298 1875 quod
3305 1814 3381 1874 sic
3412 1812 3573 1872 quomo
3595 1810 3687 1870 tunc
3718 1808 3794 1868 ilud
3832 1808 4154 1868 intelliger
4192 1810 4376 1870 ecclesiasi
4399 1813 4406 1873 1

3118 1948 3254 2008 hon
3299 1946 3390 2006 est
3427 1944 3669 2004 specosa
3722 1941 3880 2001 laus
3918 1938 4100 1998 more
4137 1938 4386 1998 peccatoris
4425 1940 4485 2000 Se

3112 2071 3404 2131 confessio
3437 2066 3567 2126 peccati
3607 2064 3697 2124 est
3729 2060 3884 2120 laus
3916 2060 4217 2120 deibende
4242 2060 4364 2120 super
4380 2063 4477 2123 isto

3106 2190 3242 2250 psalmi
3290 2188 3643 2248 Confitem
3675 2185 3787 2245 domino
3819 2184 3939 2244 quniam
3963 2182 4156 2242 bonus
4172 2183 4276 2243 /dicit
4300 2184 4460 2244 glosa

3105 2310 3238 2370 pria
3269 2310 3560 2370 confessio
3599 2308 3819 2368 peccatorum
3859 2308 3954 2368 non
3985 2308 4064 2368 est
4087 2310 4228 2370 sine
4268 2313 4456 2373 laude

3104 2434 3192 2494 dei
3211 2434 3224 2494 /
3237 2434 3288 2494 sed
3306 2434 3554 2494 nullus
3579 2431 3725 2491 videur
3751 2428 3916 2488 tenei
3954 2424 4017 2484 ad
4043 2422 4196 2482 illud
4221 2420 4240 2480 /
4252 2420 4315 2480 quod
4335 2419 4455 2479 non

3105 2547 3187 2607 est
3204 2550 3508 2610 speciosum
3540 2548 3714 2608 aput
3746 2545 3869 2605 deum
3894 2541 4092 2601 render
4116 2537 4190 2597 quod
4207 2531 4502 2591 obstinatus

3148 2666 3261 2726 talis
3289 2666 3450 2726 tenetur
3471 2666 3724 2726 confiteri
3738 2664 3752 2724 /
3766 2664 3858 2724 sicut
3879 2661 4040 2721 tenetur
4047 2657 4222 2717 iscam
4243 2652 4419 2712 obstiam

3149 2790 3287 2850 tontum
3307 2786 3530 2846 dimittere
3569 2783 3609 2843 ex
3649 2781 3832 2841 precepto
3865 2778 3944 2838 dei
3977 2777 4036 2837 et
4069 2774 4194 2834 ecclesie
4213 2771 4226 2831 /
4239 2770 4292 2830 quod
4305 2766 4417 2826 tan¬

3101 2907 3209 2967 git
3239 2904 3401 2964 omnes
3423 2901 3630 2961 fideles
3669 2898 3738 2958 ad
3753 2898 3922 2958 ultos
3937 2895 3952 2955 /
3960 2894 4022 2954 sed
4037 2893 4114 2953 propter
4136 2889 4466 2949 maliciam

3099 3019 3221 3079 talius
3259 3022 3457 3082 abisto
3494 3022 3720 3082 precepto
3748 3022 3843 3082 non
3871 3020 4163 3080 absoluitur
4182 3018 4210 3078 a
4229 3020 4482 3080 bobediam

3106 3150 3243 3210 quam
3266 3152 3410 3212 tenere
3448 3154 3585 3214 facere
3623 3152 3723 3212 deo
3753 3152 3814 3212 et
3851 3150 3989 3210 ecclese
3996 3149 4095 3209 sta
4141 3148 4240 3208 eciam
4263 3148 4500 3208 adultus

3104 3273 3240 3333 non
3287 3272 3633 3332 vaptesimatus
3673 3270 3728 3330 et
3755 3270 3802 3330 si
3843 3272 4054 3332 nullum
4074 3273 4250 3333 peccatum
4284 3277 4480 3337 mortale

3109 3396 3342 3456 commisit
3364 3394 3379 3454 /
3403 3392 3673 3452 excepto
3704 3390 3771 3450 quod
3786 3390 4065 3450 contempnit
4117 3388 4313 3448 baptiem
4336 3385 4441 3445 ari¬

3134 3524 3198 3584 si
3215 3524 3295 3584 sic
3336 3524 3399 3584 de
3407 3522 3569 3582 cedit
3617 3519 3705 3579 non
3729 3517 3874 3577 srelium
3899 3514 4002 3574 non
4027 3511 4252 3571 puitur
4268 3507 4413 3567 propecato

3125 3640 3457 3700 arignali
3480 3637 3488 3697 /
3512 3636 3615 3696 sed
3647 3634 3781 3694 etiam
3805 3633 3844 3693 pro
3852 3632 3955 3692 isto
3987 3628 4303 3688 contemptum
4328 3621 4525 3681 precepti

3116 3777 3186 3837 crist
3234 3774 3297 3834 de
3313 3766 3661 3826 institucione
3716 3757 3969 3817 vapium
4016 3752 4135 3812 Mopeimo
4166 3750 4238 3810 et
4253 3750 4261 3810 /
4269 3750 4356 3810 sic
4388 3750 4523 3810 sumomo

3123 3896 3276 3956 asimili
3311 3893 3365 3953 in
3374 3890 3580 3950 proposito
3598 3888 3616 3948 /
3624 3886 3759 3946 qui
3804 3880 4163 3940 exobstiacione
4207 3869 4458 3929 obmitret

3104 4029 3364 4089 confiteri
3380 4030 3402 4090 /
3418 4030 3479 4090 et
3510 4030 3586 4090 sic
3617 4028 3685 4088 de
3693 4027 3862 4087 cedet
3892 4023 3946 4083 pro
3961 4021 4076 4081 isto
4107 4015 4436 4075 contemptu

3108 4154 3259 4214 hret
3293 4154 3570 4214 spalem
3595 4154 3796 4214 penam
3829 4152 3897 4212 et
3914 4150 3964 4210 per
3989 4147 4123 4207 quands
4148 4138 4425 4198 peccaret

3094 4282 3148 4342 si
3187 4279 3326 4339 non
3357 4276 3660 4336 confiteretur
3707 4274 3800 4334 Est
3823 4273 3916 4333 tamen
3947 4271 4078 4331 unium
4102 4268 4164 4328 quod
4179 4266 4296 4326 talis
4335 4259 4474 4319 non¬

3105 4402 3352 4462 tenetur
3395 4402 3468 4462 ad
3504 4402 3852 4462 confessione
3904 4400 3976 4460 in
3998 4398 4273 4458 ordinate
4325 4391 4455 4451 que

3098 4530 3176 4590 sit
3202 4529 3281 4589 cum
3307 4526 3447 4586 peccato
3473 4526 3492 4586 /
3509 4526 3579 4586 et
3596 4526 3684 4586 tamn
3701 4526 3815 4586 iste
3850 4526 3990 4586 qui
4016 4526 4070 4586 est
4096 4524 4139 4584 in
4148 4523 4270 4583 peccato
4297 4520 4473 4580 tenetur

3101 4648 3331 4708 confiteri
3361 4648 3458 4708 sicut
3480 4648 3539 4708 et
3576 4648 3747 4708 tenetur
3770 4648 3957 4708 peccatum
3986 4648 4232 4708 dimite
4254 4645 4276 4705 /
4298 4642 4358 4702 et
4381 4638 4469 4698 tuc

3110 4778 3209 4838 sua
3251 4778 3483 4838 confessio
3508 4776 3591 4836 sit
3616 4776 3848 4836 speciosa
3898 4776 3964 4836 et
3997 4775 4222 4835 laudant
4280 4772 4446 4832 apud

3100 4898 3244 4958 deum
3270 4902 3329 4962 exte
3355 4903 3491 4963 quo
3525 4904 3645 4964 patet
3662 4902 3729 4962 quod
3755 4901 3960 4961 homo
4002 4898 4130 4958 qui
4164 4898 4257 4958 est
4283 4899 4470 4959 indeus

3094 5014 3256 5074 tene
3298 5021 3349 5081 ex
3392 5022 3604 5082 precepto
3629 5018 3706 5078 christi
3732 5013 3893 5073 confiteri
3910 5007 4071 5067 sacrameni
4088 5005 4097 5065 /
4105 5004 4216 5064 patet
4233 5005 4318 5065 quia
4344 5009 4437 5069 est

3095 5128 3282 5188 peccator
3332 5130 3589 5190 mortalis
3651 5128 3745 5188 non
3776 5128 3851 5188 tum
3882 5127 4045 5187 tenere
4096 5126 4345 5186 confiter
4396 5126 4470 5186 ut

3106 5252 3201 5312 est
3232 5252 3486 5312 indeus
3525 5254 3588 5314 et
3628 5254 3920 5314 infideis
3944 5256 3999 5316 sed
4024 5256 4182 5316 tenetur
4205 5256 4562 5316 infidelitatem

3103 5382 3347 5442 dimite
3364 5384 3390 5444 /
3400 5384 3460 5444 et
3495 5390 3696 5450 vapti
3704 5394 3783 5454 pete
3827 5397 3844 5457 /
3862 5398 3914 5458 et
3940 5401 4045 5461 tunc
4080 5404 4211 5464 post
4246 5404 4298 5464 si
4325 5402 4498 5462 peccat
