5166 6845
604 1133 1976 1269 Unde adam retorsit peccatum suum in adam
642 1249 2010 1393 evam dicens / mulier / quam dedisti michi
676 1375 1978 1507 sociam Unde dicit glosa Genesis 3o super illo
642 1507 1986 1629 adam ubi es / Verba non sunt ignorantis / sed
652 1627 1992 1742 increpantis et ad confessionem / monentis
646 1749 2026 1850 non quidam vocalem / quam non requerit
662 1843 1986 1971 deus semper sibi soli sed mentalem / eo quod
666 1957 2028 2081 intuetur cor / ut patet primo regum 16 Et ad hoc
664 2077 2048 2209 post eciam sūī artū Bõre quia homo qui ex fide
660 2197 2126 2341 noscit / quod deus puniet trangressores suorum
664 2321 2060 2455 preceptorum et vult indulgere recognoscentibus
658 2445 2036 2575 huiusmodi transgressores / potest ex legis nature
678 2569 2040 2697 adiutorio recognoscere deo esse confiten¬
658 2689 2026 2825 da peccata / Sic arguenda offensa proximi
670 2807 2054 2937 recognoscenda est apud proximum / ergo et
690 2917 2092 3061 offensa dei recognoscenda est apud deum
670 3039 2066 3183 / propter hoc quia deus est melior / et sibi plus
698 3157 2078 3285 obligamur quam cuicumque proximo Quod autem
702 3281 2080 3405 offensa proximi sit apud deum recognos¬
706 3395 2110 3523 cenda patet ex iure nature Mt 7o et thobie
714 3521 2060 3641 4to Quod tibi vis fieri alteri fac / Sed tu
698 3651 2078 3759 vis ut alter recognoscat tuam offensam
698 3763 2100 3878 aput te / ergo et tu debes recongnoscere ali¬
706 3876 2026 3987 orum aput alios / igitur et dei apud deum
674 3975 2042 4098 Unde concludit / quod homo qui peccavit
720 4083 2084 4207 mortaliter / tenetur ex precepto nature ad vite aliquo
708 4205 2076 4332 modo per fidem recognoscere suum peccatum apud
714 4313 2098 4438 deum et eciam veniam postulare / Homo enim
724 4438 2092 4560 ex quo non videt deum / quomodo sciret se offen¬
724 4564 2060 4666 dere / nisi deum cognosceret aliquo modo per fidem
726 4666 2084 4779 et sit tenebatur quilibet homo // mortalis // peccator
722 4785 2056 4889 mortalia in omni statu / eciam ante legem
722 4895 2068 4995 datam / Sed forte quis diceret / quo tempore et
726 5013 2086 5115 quando tenetur homo recognoscere suum peccatum apud
718 5127 2110 5231 deum / et sub qua pena tenetur homo recong¬
730 5245 2120 5346 noscere peccatum suum coram deo / et de eo vieniam
714 5355 2172 5464 postulare / hoc patet ex iam dictis Tamen scrupu¬
2360 1076 3860 1202 losi quidam nimis qui volebant aggravare consciencias
2360 1200 3830 1315 hominum dicebant / quando homo est in peccato morta¬
2382 1310 3728 1429 li / et non vult dimittere peccatum suum / et
2370 1412 3766 1545 confiteri et exire de peccato suo pettet de¬
2372 1541 3814 1664 novo peccato mortali / et isti non curant dicere
2378 1659 3778 1790 quod existens in peccato mortali / pro quolibet ictu oculi
2398 1777 3850 1908 interim quod non petit de eo veniam et dimittere
2362 1899 3800 2032 vult peccat mortaliter / Sed hoc videtur nimis
2378 2019 3798 2160 grave / quia alias rarissime unus dampnaret
2376 2145 3794 2280 pro uno solo peccato pro mortali / sed pro valde multis
2384 2275 3784 2412 peccatis / sicut et rarissime invenitur / qui statim
2396 2397 3760 2540 postquam peccavit mortaliter penitet vere et
2408 2521 3836 2666 confitetur / ymmo multi per diem vel amplius
2396 2633 3830 2786 nichil cogitant / de hiis que fecerunt contra deum
2388 2777 3776 2912 et tales peccarent valde multis peccatis / quod
2390 2893 3798 3022 non videtur / quia frequenter homo quando peccat
2390 3010 3830 3150 et aliquando multo tempore post hoc distractus
2408 3130 3780 3264 est / et non considerat quid fecit / quomodo
2418 3253 3752 3384 tunc si non denovo habet conplacenciam de peccato
2416 3352 3810 3499 suo / dicitur denovo peccare contra deum / Unde videtur
2430 3470 3814 3611 dicendum iuxta mentem ade questione 39 et aliorum
2412 3589 3788 3734 doctorum / quod lapsus per peccatum mortale / quando distincte
2418 3713 3838 3858 advertit peccatum suum ut offensum dei / tunc
2410 3833 3858 3978 tenetur hoc recognoscere / et pro isto a deo veniam
2428 3958 3802 4100 petere et habere propositum de isto confitendi / et
2426 4081 3844 4212 amplius numquam committendi Etenim quis
2426 4193 3880 4322 distincte noscit peccatum suum quod fecit / et apprehendit
2442 4311 3832 4436 quod per ipsum offendit deum creatorem suum et eius
2442 4421 3834 4544 inimiciciam incurrit / et hoc non recongnoscit
2428 4533 3860 4666 modo predicto / talis contempnit deum vere uel inter¬
2432 4655 3810 4788 pretative propter hoc quia voluntarie permanet in
2452 4757 3870 4914 sua offensa sicut isti coram quos loquitur
2414 4879 3866 5044 Apostolus Ad Romanos 2o An divicias bonitatis
2434 5009 3858 5164 et paciencie et longanimitatis contempnitis Isti enim
2452 5145 3834 5276 putabant / quod deus non puniret eorum peccata
2446 5277 3862 5406 et quasi oblitus esset eorum / quia ex dilacione
