5166 6845
700 1285 2052 1374 et non habeat / pro futuro interdum de divine
698 1387 2084 1488 pietatis habundacia / virtute clavium et sacramenti
690 1497 2100 1614 istius prestari ei / aliquando huiusmodi propositum abstinen¬
696 1615 2044 1736 di in antea / et illud a deo eis infundi
700 1721 2090 1854 conantibus enim ad deum reverti / non est du¬
706 1853 2122 1980 bium quin eis prestet auxilium suum pater misericordiarum /
670 1979 2058 2102 / sicut illi qui lunaticum filium tulit ad dominum /
694 2103 2072 2224 ut patet marci nono Iste enim credere nitebatur /
680 2217 2052 2336 sed non dum habebat fidem / ad quam
682 2337 2080 2454 tenebatur / propter quod eciam dicebat / credo domine / adiu¬
690 2455 2088 2584 va incredulitatem meam / et tamen merito sui co¬
696 2583 2068 2700 natus / et filio sanitatem / et ipse met ob¬
694 2701 2062 2808 tinuit donum dei Sic de similiter conantibus
670 2825 2030 2922 videtur dicendum / quod presto sit eis divine gracie
694 2943 2072 3042 auxilium Sic et in primitiva ecclesia querebatur
694 3059 2088 3160 ad baptizandum / utrum vellent waptizari / et
678 3178 2082 3292 an renuncciarent dyabolo / et pompis eius
692 3301 2070 3412 et an crederent / et non querebatur / an mundi
706 3425 2054 3536 essent a peccatis / et virtuosi / quia hoc magis
726 3547 2070 3656 sperabatur eis conferendum virtute waptismi / sic
702 3663 2026 3770 et ad confessionem devote accedentibus / cre¬
696 3787 2070 3888 dendum est quod obtineant quod intendunt / et
690 3903 2080 4008 ista est magna consolacio / que merito deberet
698 4025 2090 4124 nos omnes monere / ad sepius et voluntarie
696 4147 2098 4252 confitendum Dixi eciam notanter premissa debita
678 4277 2060 4381 inquisicione et diligenti / quam Scotus
676 4410 2062 4500 distinccione 17 4ti exprimit dicens / Quod homo
702 4526 2064 4622 tantam debet apponere diligenciam in discu¬
700 4639 2086 4740 ciendo conscienciam / et inquirendo mortalia
702 4755 2072 4860 a se commissa / ut ea sibi reducat ad memo¬
690 4877 2098 4982 riam / quantam diligenciam apponeret prudens
694 5001 2094 5102 vir / circa aliquod multum arduum / quod valde esset
708 5130 2060 5226 sibi cordi Sed planum est prudens pro ex¬
716 5246 2080 5344 pedienda re una temporali / que multum est
716 5364 2046 5458 sibi animo / apponit diligenciam magnam
700 5464 2082 5566 deliberando / aput se / et inquirenda
2414 1263 3840 1363 consilia amicorum / non solum de die / sed eciam
2422 1387 3876 1491 aliquando in nocte / aput se consiliando et cogi¬
2402 1510 3852 1605 tando / ita a forciori debet homo facere tantam
2426 1626 3814 1719 et maiorem diligenciam / in rememorando
2424 1739 3828 1835 peccata sua / ut possit integre de eis confiteri
2434 1861 3778 1953 et conteri / et ad sequendam eternam vitam / Et sic
2416 1979 3814 2079 autem dictum statim habet fundamentum ex
2414 2085 3772 2193 auctoritate et verbis Augustini in de vera et falsa
2406 2201 3826 2307 penitencia quem allegat magister in 4ta distinccione 1? Ubi
2402 2327 3842 2431 loquitur de penitente dicens / ponat / se omnino
2410 2449 3880 2553 in iudicio et potestate sacerdotis / nichil sui nuntiatis
2406 2563 3864 2677 reservans sibi / ut omnia eo volente et iu¬
2426 2704 3826 2784 bente paratus sit facere / pro recipienda vita
2406 2814 3902 2911 anime / que faceret pro evitanda coporis morte /
2408 2931 3840 3037 et hoc cum desiderio / quia vitam recuperat in¬
2416 3053 3884 3153 finitam Cum gaudio enim debet facere inmorta¬
2418 3169 3850 3275 lis futurus / que faceret pro destruenda morte
2382 3305 3822 3399 moriturus Ecce apte dicit Augustinus quod talis debet
2420 3443 2570 3527 facere /
3259 3561 3864 3647 diligenciam tantam /
2420 3677 3822 3767 et forte maiorem ad hoc / ut recuperet vitam
2412 3795 3796 3881 anime / que est caritas / quam perdidit per peccatum
2412 3919 3812 4005 mortale Ex quo quod isti tenentur ad magnam
2410 4029 3796 4119 diligenciam faciendam / que forte in medio
2402 4139 3882 4239 vel in toto anno / numquam vel raro attenderit
2410 4265 3858 4357 ad vitam suam / et praecipue illi qui sunt totaliter
2394 4389 3878 4483 mundo dediti / et sine timore dei vivunt /
2418 4509 3860 4609 et in toto anno non confessi Similiter isti qui
2418 4641 3848 4735 quasi cottidie / tractant iudicia / In quibus
2418 4771 3868 4867 aliquando scienter dapnificant mortem iusta /
2382 4887 3834 4993 / vel differunt iudicia / vel forte per vim
2418 4995 3874 5109 aufferunt / et tradunt servitoribus suis /
2406 5107 3844 5227 et sic exhereditant veros heredes / Similiter
2402 5219 3880 5323 qui lucri mercacionibus insistunt / quociens
2416 5326 3856 5430 appetunt aliena vel defraudant in men¬
2438 5451 3962 5545 sura / vel libra / vel libenter facerent si possent
