5166 6804
1482 1102 1774 1162 confesso
1805 1106 1923 1166 que
1955 1108 2238 1168 peccatorem
2262 1111 2506 1171 purgat
2530 1112 2546 1172 /
2562 1112 2617 1172 et
2640 1113 2774 1173 piur¬

1400 1216 1626 1276 gatum
1663 1222 1852 1282 reddit
1907 1228 2163 1288 instiorem
2200 1232 2267 1292 Et
2298 1236 2542 1296 quavis
2579 1238 2621 1298 ex
2658 1240 2780 1300 dicthis

1396 1344 1521 1404 sint
1564 1346 1764 1406 multe
1789 1351 2114 1411 utilitates
2151 1358 2276 1418 que
2313 1364 2550 1424 debentur
2581 1371 2713 1431 nos

1376 1469 1648 1529 movere
1686 1474 1751 1534 ad
1773 1478 2075 1538 confessionem
2105 1484 2362 1544 faciendum
2377 1486 2384 1546 /
2399 1486 2487 1546 tamn
2524 1490 2737 1550 adhuc

1407 1594 1517 1654 sunt
1562 1594 1761 1654 multo
1790 1598 2025 1658 plures
2062 1604 2245 1664 quas
2268 1608 2400 1668 eciam
2429 1610 2716 1670 emniantur

1398 1716 1661 1776 doctores
1682 1716 1697 1776 /
1712 1718 1875 1778 prima
1918 1724 2004 1784 est
2018 1726 2039 1786 /
2046 1728 2125 1788 quia
2147 1730 2189 1790 per
2210 1735 2503 1795 confessione
2546 1740 2739 1800 homo¬

1337 1849 1652 1909 cognoscit
1689 1851 1884 1911 peccatum
1902 1857 2059 1917 suum
2097 1865 2328 1925 aliquando
2365 1872 2429 1932 quod
2439 1873 2587 1933 pus
2614 1871 2762 1931 fuit

1339 1978 1698 2038 ignotum
1732 1980 1866 2040 sibi
1908 1983 2017 2043 vel
2042 1986 2092 2046 si
2126 1990 2285 2050 fuit
2318 1992 2503 2052 notum
2528 1989 2728 2049 plus

1407 2100 1689 2160 noscitur
1714 2101 1733 2161 /
1747 2103 1920 2163 primo
1958 2107 2003 2167 ex
2035 2111 2176 2171 dino
2214 2116 2438 2176 mimere
2465 2116 2477 2176 /
2496 2114 2579 2174 ut
2599 2110 2676 2170 dicit

1350 2224 1502 2284 gregorius
1538 2222 1591 2282 o
1618 2224 1805 2284 moris
1841 2231 2039 2291 super
2074 2236 2190 2296 isto
2226 2241 2351 2301 niobis
2386 2242 2458 2302 7o
2494 2237 2744 2297 loquor

1377 2344 1443 2404 in
1451 2346 1887 2406 tribulacione
1924 2358 2101 2418 spiritus
2138 2366 2286 2426 mei
2308 2374 2706 2434 confabulabor

1370 2474 1455 2534 cum
1487 2475 1976 2535 amaritudine
2035 2487 2138 2547 anime
2178 2494 2314 2554 more
2347 2498 2360 2558 /
2379 2504 2666 2564 pavore

1370 2590 1518 2650 inquiam
1540 2592 1687 2652 dini
1739 2599 1967 2659 iudicii
2003 2610 2225 2670 aoflicti
2254 2615 2269 2675 /
2283 2619 2460 2679 dum
2498 2626 2733 2686 quedam

1360 2714 1552 2774 mala
1604 2716 1774 2776 gesta
1810 2728 2218 2788 plangimus
2240 2736 2247 2796 /
2269 2738 2373 2798 ipsa
2439 2743 2513 2803 in
2535 2746 2668 2806 nostre

1390 2832 1409 2892 a
1435 2842 1883 2902 maritudinis
1933 2862 2438 2922 addiscuntiendos
2470 2868 2596 2928 nos
2622 2867 2716 2927 vi¬

1353 2966 1644 3026 gantcius
1675 2979 1936 3039 excitati
1982 2987 2051 3047 et
2074 2992 2189 3052 alia
2236 3000 2527 3060 innobis
2558 3006 2680 3066 eciam

1348 3083 1468 3143 que
1519 3094 1835 3154 amplius
1873 3112 2253 3172 defleamus
2285 3130 2721 3190 invenimus

1348 3210 1523 3270 nam
1555 3219 1685 3279 sepe
1724 3225 1783 3285 quod
1802 3233 2113 3293 trpentes
2152 3243 2360 3303 latuit
2398 3252 2729 3312 flentibus

1382 3348 1729 3408 subtilius
1761 3357 1840 3417 in
1853 3365 2128 3425 notescit
2154 3369 2167 3429 /
2180 3371 2233 3431 et
2259 3376 2494 3436 afflicta
2540 3382 2697 3442 mes

1354 3465 1557 3525 certius
1582 3475 1854 3535 invenit
1886 3485 2114 3545 malum
2145 3492 2215 3552 quod
2228 3498 2475 3558 fecerat
2512 3506 2678 3566 quod

1328 3585 1658 3645 nescienbat
1679 3593 1707 3653 /
1714 3595 1771 3655 et
1806 3601 1918 3661 hoc
1961 3606 2051 3666 fit
2080 3615 2255 3675 penim
2269 3624 2480 3684 foicionem
2508 3630 2677 3690 discreti

1332 3710 1706 3770 confessoris
1747 3719 1808 3779 et
1856 3734 2305 3794 intelligentis
2326 3747 2339 3807 /
2353 3750 2475 3810 qui
2509 3758 2693 3818 debet

1341 3839 1676 3899 inforire
1718 3853 2046 3913 confiterem
2079 3869 2205 3929 secundum
2229 3878 2372 3938 suam
2397 3894 2749 3954 capacitatem

1344 3970 1400 4030 et
1431 3973 1586 4033 ipsum
1635 3981 1846 4041 dirigen
1889 3987 1944 4047 ad
1963 3993 2149 4053 viam
2173 4005 2452 4065 veritatis
2476 4015 2519 4075 si
2557 4022 2730 4082 errat

1332 4104 1508 4164 sicit
1542 4108 1745 4168 mnulti
1762 4117 1938 4177 salos
1947 4123 1955 4183 /
1973 4127 2095 4187 qui
2131 4136 2315 4196 gravia
2351 4143 2482 4203 peccata
2517 4146 2701 4206 morta

1305 4232 1539 4292 propuis
1569 4240 1909 4300 reputant
1947 4249 1969 4309 /
1985 4252 2060 4312 ut
2099 4256 2189 4316 est
2220 4264 2477 4324 simplex
2529 4269 2658 4329 forn¬

1331 4364 1558 4424 nitacio
1583 4366 1590 4426 /
1602 4370 1823 4430 tactus
1855 4376 1918 4436 et
1949 4381 2151 4441 oscula
2208 4394 2504 4454 inpudica
2536 4401 2542 4461 /
2561 4403 2656 4463 coatura

1364 4498 1745 4558 trmpitudinis
1771 4506 1777 4566 /
1797 4512 2086 4572 delectaciones
2112 4525 2446 4585 mordinate
2479 4533 2715 4593 dileccionis

1346 4623 1411 4683 et
1440 4635 1778 4695 voluptatis
1799 4640 1814 4700 /
1828 4643 1958 4703 que
1987 4648 2275 4708 putantur
2296 4655 2404 4715 esse
2426 4664 2606 4724 nulla

1306 4745 1432 4805 aut
1464 4756 1669 4816 parvia
1709 4765 1850 4825 peccata
1898 4772 1914 4832 /
1930 4775 2063 4835 que
2103 4786 2380 4846 percipitur
2427 4797 2490 4857 quod
2505 4804 2726 4864 ivens

1302 4882 1511 4942 aliquando
1539 4890 1763 4950 graviter
1807 4902 2145 4962 temptantu
2174 4909 2188 4969 /
2203 4913 2303 4973 talia
2354 4920 2469 4980 enim
2498 4928 2606 4988 sunt

1315 5018 1498 5078 gravia
1528 5025 1680 5085 peccata
1726 5031 1840 5091 propter
1870 5037 2077 5097 malam
2107 5050 2434 5110 intentionem
2457 5060 2472 5120 /
2480 5065 2586 5125 sicut
2602 5071 2662 5131 ie¬

1289 5128 1414 5188 qui
1449 5135 1554 5195 dat
1595 5149 1950 5209 elemosinam
1964 5159 1971 5219 /
1992 5164 2153 5224 aliciu
2236 5172 2249 5232 /
2270 5174 2354 5234 ut
2375 5180 2542 5240 ipsum
2576 5187 2667 5247 dn¬

1288 5244 1400 5304 cat
1428 5255 1745 5315 inheresim
1766 5267 1949 5327 peccavt
1977 5281 2343 5341 mortaliter
2364 5289 2378 5349 /
2392 5290 2469 5350 sic
2505 5292 2645 5352 similiter

1304 5345 1432 5405 qui
1458 5352 1567 5412 dat
1606 5365 1875 5425 peciuinram
1907 5382 2177 5442 mulieri
2209 5393 2299 5453 ut
2338 5406 2645 5466 conseciatur

3215 1118 3345 1178 sibi
3367 1122 3750 1182 inturpituitre
3788 1129 3849 1189 et
3871 1135 3994 1195 similiter
4009 1146 4315 1206 ostulando
4337 1159 4452 1219 can¬

3150 1242 3346 1302 gendo
3371 1245 3388 1305 /
3397 1247 3464 1307 quod
3482 1253 3694 1313 exprese
3719 1259 3804 1319 dicit
3829 1267 4050 1327 Aplus
4084 1276 4305 1336 adephs
4339 1280 4441 1340 vbto

3161 1365 3516 1425 fforniacio
3564 1377 3696 1437 aut
3724 1381 3786 1441 et
3821 1387 4009 1447 omnis
4050 1405 4398 1465 inmundicia

3164 1490 3248 1550 ne
3280 1497 3615 1557 nominetur
3661 1505 3731 1565 in
3751 1510 3944 1570 vobis
3983 1515 4099 1575 aut
4131 1521 4428 1581 turpitudo

3181 1623 3307 1683 aut
3329 1632 3640 1692 stumrilitas
3670 1639 3773 1699 sicut
3788 1646 3944 1706 deceret
3966 1651 4122 1711 sactos
4159 1656 4270 1716 glosa
4315 1658 4418 1718 tur¬

3171 1762 3401 1822 pitudo
3431 1766 3513 1826 ut
3542 1769 3601 1829 in
3617 1774 3862 1834 osculis
3892 1778 3958 1838 et
3989 1786 4420 1846 amplexibus

3136 1896 3199 1956 et
3220 1901 3402 1961 ibidem
3437 1909 3780 1969 concludit
3843 1916 3969 1976 hoc
4004 1920 4123 1980 enim
4144 1926 4354 1986 scitote
4396 1932 4459 1992 in

3165 2035 3456 2095 telligentes
3494 2042 3561 2102 quod
3583 2046 3748 2106 omnis
3777 2050 4144 2110 forincator
4182 2056 4316 2116 ant
4353 2063 4428 2123 in

3177 2163 3432 2223 mudus
3477 2172 3582 2232 non
3608 2176 3797 2236 habet
3836 2180 4117 2240 heditatem
4156 2184 4222 2244 in
4248 2190 4418 2250 rgno

3101 2284 3175 2344 christ
3200 2290 3258 2350 et
3291 2295 3390 2355 dei
3407 2300 3588 2360 stem
3613 2301 3638 2361 a
3663 2302 3927 2362 spectus
3952 2300 4298 2360 libidiosus
4340 2302 4439 2362 est

3172 2425 3319 2485 grave
3349 2433 3519 2493 peccatum
3542 2434 3588 2494 ut
3603 2435 3673 2495 patet
3696 2436 3789 2496 Mae
3820 2436 3881 2496 3o
3904 2438 4059 2498 „Qui
4082 2439 4221 2499 vidit
4245 2443 4483 2503 mubem

3146 2555 3219 2615 ad
3255 2562 3688 2622 concupiscendum
3724 2564 3811 2624 eam
3832 2564 3839 2624 /
3868 2564 4193 2624 mechatus
4221 2562 4265 2622 est
4287 2562 4438 2622 eam

3117 2689 3185 2749 in
3195 2693 3385 2753 torde
3419 2696 3549 2756 suo
3567 2698 3584 2758 /
3610 2698 3756 2758 ergo
3782 2698 3964 2758 multo
4016 2698 4344 2758 amplius
4370 2703 4517 2763 osciela
4552 2708 4621 2768 etc.

3103 2825 3191 2885 quia
3209 2831 3401 2891 plus
3437 2834 3692 2894 inceitant
3735 2834 3911 2894 quam
3937 2834 4060 2894 sola
4095 2835 4263 2895 visio
4306 2838 4377 2898 Et
4394 2842 4455 2902 ie

3122 2952 3189 3012 dicit
3234 2958 3527 3018 ipsrimus
3579 2964 3647 3024 ad
3677 2969 4014 3029 poponeum
4044 2973 4096 3033 de
4119 2974 4426 3034 vigitate

3116 3086 3294 3146 sterte
3325 3090 3434 3150 ipse
3472 3096 3891 3156 concubitus
3930 3101 4031 3161 ipse
4078 3104 4450 3164 amplexus
4481 3106 4488 3166 /

3117 3212 3230 3272 ipsa
3278 3219 3671 3279 confabulacio
3719 3225 3784 3285 et
3823 3230 4121 3290 osculacio
4145 3234 4153 3294 /
4160 3235 4233 3295 et
4273 3239 4450 3299 quacere

3119 3348 3233 3408 cium
3258 3352 3502 3412 duorum
3528 3356 3762 3416 turpis
3789 3358 3849 3418 et
3875 3360 4014 3420 feda
4058 3364 4413 3424 demitacio

3138 3476 3153 3536 /
3167 3482 3355 3542 quantum
3377 3492 3616 3552 decoris
3654 3497 3714 3557 et
3751 3500 3924 3560 cimis
3946 3504 4282 3564 confitentur
4297 3506 4312 3566 /
4327 3506 4432 3566 Sed

3082 3612 3304 3672 cermen
3328 3624 3431 3684 est
3487 3633 3630 3693 grve
3661 3641 3860 3701 peccatum
3900 3646 3971 3706 et
4003 3648 4154 3708 dixi
4193 3649 4471 3709 notantur

3124 3745 3236 3805 quando
3260 3752 3388 3812 hiosmodi
3436 3761 3588 3821 funit
3628 3771 3804 3831 causa
3844 3779 4060 3839 turpis
4084 3788 4380 3848 delectacionis

3115 3883 3223 3943 vel
3259 3888 3410 3948 prava
3460 3903 3833 3963 intencione
3898 3915 4006 3975 vel
4035 3921 4308 3981 libidino
4329 3924 4394 3984 se
4430 3924 4437 3984 /

3112 4014 3281 4074 quia
3318 4020 3371 4080 si
3398 4030 3648 4090 ferent
3701 4041 3889 4101 abspet
3916 4049 4210 4109 libidinem
4228 4049 4255 4109 /
4272 4048 4389 4108 vel

3100 4149 3199 4209 propter
3218 4168 3749 4228 consetudinem
3779 4184 3955 4244 prentenie
3985 4188 4093 4248 vel
4132 4188 4231 4248 propter
4250 4185 4456 4245 aliquam

3061 4290 3280 4350 necessite
3352 4299 3494 4359 aut
3550 4310 3856 4370 honestam
3899 4319 4126 4379 causam
4161 4322 4247 4382 ut
4303 4318 4459 4378 am¬

3072 4420 3228 4480 ticie
3272 4427 3662 4487 consangnitis
3680 4436 3697 4496 /
3715 4441 3924 4501 secus
3958 4447 4046 4507 est
4054 4448 4080 4508 /
4089 4450 4159 4510 et
4193 4450 4272 4510 in
4289 4449 4454 4509 istis

3068 4547 3129 4607 et
3175 4552 3343 4612 aliis
3373 4560 3709 4620 confessor
3747 4571 3930 4631 debet
3968 4581 4395 4641 confitentem

3083 4684 3480 4744 informarere
3504 4694 3520 4754 /
3535 4700 3722 4760 deutios
3761 4707 3839 4767 1o
3878 4711 3955 4771 Si
3987 4716 4252 4776 diffitie
4298 4715 4361 4775 et

3108 4826 3486 4886 ambiguum
3527 4839 3712 4899 aput
3745 4847 3809 4907 te
3842 4853 4115 4913 iudicium
4148 4856 4260 4916 esse
4293 4856 4373 4916 pere¬

3078 4952 3399 5012 spexeris
3439 4967 3619 5027 inter
3651 4980 4011 5040 sagiwinem
4042 4987 4105 5047 et
4136 4991 4434 5051 sauenm

3070 5082 3245 5142 lepra
3316 5092 3393 5152 et
3438 5098 3614 5158 non
3652 5107 3937 5167 lepram
3976 5117 4222 5177 venes
4273 5128 4377 5188 ad¬

3118 5221 3410 5281 sacerdote
3471 5233 3733 5293 levitici
3772 5244 3941 5304 gais
3964 5248 3979 5308 /
3995 5252 4125 5312 qui
4149 5258 4433 5318 iudicabit

3066 5354 3185 5414 tcibi
3242 5365 3475 5425 iudicii
3503 5372 3806 5432 veritatem
3841 5376 3855 5436 /
3876 5376 3891 5436 2
3997 5381 4278 5441 utilitas
