5166 6804
1398 1179 2776 1276 nisi prius solvatur ab excomunicacione
1384 1311 2836 1412 Unde oportet quod talis confessio iteretur quia ex¬
1416 1445 2844 1548 comunicato sunt omnes actus legittimi prohibiti
1398 1577 2842 1680 Iste tamen casus posset comprehendi sub primo / Nonus
1412 1711 2828 1808 casus si confessor agitat penitentem
1396 1833 2802 1934 dicens / dic principalia et iste obediens
1402 1959 2840 2058 adhuc servat aput se aliqua de quibus
1410 2087 2848 2192 habet conscienciam / quod sint mortalia licet talis libenter
1414 2213 2792 2319 confiteretur de omnibus / et ille est audire non
1394 2342 2784 2439 vult / talis tenetur recedere ab eo et absolucionem
1410 2469 2804 2564 non capere / et alteri qui totam audit con¬
1394 2597 2792 2698 fiteri 2ario debet cum confitens fugere
1416 2719 2818 2824 quod non misceat peccatis suis longas hy¬
1444 2851 2836 2948 storias inpertinentes que tedium et somp¬
1410 2982 2790 3076 nolenciam ingerunt confessori sicut quidam
1398 3109 2864 3204 faciunt Sed d. quis quid debet talis facere quid dubitat
1404 3229 2846 3328 de aliquo peccato / an sit peccatum vel non Et similiter
1404 3345 2814 3454 qui dubitat / an hoc fecerit an non / si
1402 3470 2796 3571 talis confitetur / forte mentitur / si non confitetur
1398 3590 2854 3705 forte iterum peccat presertim Cum dicat gregorius
1412 3711 2842 3826 bonarum mencium est / ibi culpam recogno¬
1426 3843 2854 3956 scere Ubi culpa non est Respondet allexander de halle
1402 3974 2872 4090 quod in confessione tenetur quod / confiteri omne peccatum
1398 4096 2832 4202 quod scit se fecisse dicendo Ego feci hoc peccatum
1422 4223 2818 4330 sed de peccato quod opinatur vel dubitat se fe¬
1412 4347 2794 4466 cisse / non debet similiter absolute confiteri / sed sic /
1394 4465 2772 4580 Ego puto vel dubito me hoc fecisse
1428 4589 2790 4710 sicut frequenter contingit in illis / qui habent
1388 4705 2770 4822 nimis strictas consciencias qui frequenter
1388 4833 2762 4945 tradunt se peccare / modo taliter impertra¬
1386 4955 2770 5069 cione operis ubi non peccant / et hoc post
1378 5081 2762 5194 factum / quia si crederent peccare mortaliter
1372 5217 2790 5314 impertracione operis et ultimum hoc com¬
1372 5343 2832 5456 mitteretur contra conscienciam peccarent mortaliter
3174 1166 4542 1290 et de talibus post factum dicit gregorius quod piarum
3178 1299 4542 1433 mencium est timere culpam ubi culpam
3150 1417 4534 1551 minime reperitur / ita de primo qui dubitat
3160 1546 4498 1678 an sit peccatum vel non debet dicere / Ego feci
3184 1686 4538 1814 hoc Et nescio an sic peccatum / si in hoc
3158 1812 4514 1932 peccavi confiteor vobis et deo Si autem
3156 1938 4546 2046 habet conscienciam quod sit peccatum / confiteatur illud tamquam
3168 2066 4556 2164 peccatum / dicendo ego feci hoc et conscienciam dictat
3152 2198 4556 2300 tamquam esse peccatum et residuum iudicum
3172 2331 4224 2432 committat confessori discreto /
3178 2452 4560 2546 Quanto dubitatur an confessio debeat fieri
3154 2579 4540 2675 in publico / vel in occulto sit magis
3154 2684 4534 2801 conveniens Et forte quis diceret / quod sit propter
3162 2810 4538 2909 maiorem verecundiam que verecundia ut dicit /
3140 2928 4528 3040 Augustinus in de penitencia maxima pena est
3118 3059 4540 3163 / qui erubescit proximo et fit dignus
3142 3183 4544 3291 misericordia Respondetur quod ex multis causis magis
3138 3309 4502 3406 expedit / quod confessio fiat in occulto /
3140 3428 4512 3532 quam in publico / Una est ex parte peccati
3148 3518 4566 3666 et hoc propter tria / quia multa peccata publicata
3138 3686 4544 3796 gravissimum generarent scandalum Iterum con¬
3180 3822 4526 3922 fitencium sequeretur contemptus et sic insti¬
3154 3952 4564 4052 tutum pro caritate Veniret contra caritatem
3142 4082 4552 4182 quod prohibet Bernhardus Confessio enim est in¬
3168 4208 4524 4308 stituta ut peccatores reconcilient deo et /
3152 4335 4532 4433 ecclesie / quam offenderunt / et ista reconciliacio
3160 4447 4500 4555 non fit nisi mediante caritatate in publico
3132 4576 4548 4686 aut generent odium Iterum propter pericula con¬
3148 4711 4496 4811 fitencium Si enim plures confiterentur
3128 4841 4522 4931 de adulterio homicidio furto etc. graviter
3138 4955 4474 5053 punirentur a iudicibus secularibus
3106 5074 4474 5184 Ymo interficentur / 2o ex parte iudicii
3140 5204 4490 5310 et fori / iste enim forus occultus quod
3134 5344 4550 5440 non est forus condempnacionis / sed recon¬
