5166 6845
691 1259 888 1319 fructu
958 1259 1071 1319 non
1127 1257 1282 1317 solum
1324 1255 1410 1315 non
1452 1251 1649 1311 videtr
1678 1249 1720 1309 in
1762 1246 1945 1306 utilis

688 1388 702 1448 s
746 1388 850 1448 ecus
880 1385 1117 1445 perniconsa
1192 1382 1296 1442 nec
1340 1378 1636 1438 confessor
1667 1376 1859 1436 possessi
1888 1376 2024 1436 dictis

678 1500 1010 1560 difpenſare
1052 1498 1066 1558 •
1079 1498 1093 1558 q
1176 1498 1314 1558 dicit
1370 1496 1551 1556 hugo
1592 1491 1731 1551 inde
1772 1481 1993 1541 ſactis

685 1627 749 1687 Si
799 1618 1015 1678 mitas
1040 1614 1155 1674 non
1205 1612 1294 1672 eſt
1344 1610 1485 1670 que
1535 1608 1814 1668 ptendat
1878 1606 2067 1666 ꝯtepta

699 1745 813 1805 non
875 1733 1166 1793 exciſetir
1216 1732 1228 1792 •
1253 1732 1354 1792 Sed
1392 1732 1443 1792 in
1493 1732 1530 1792 ſi
1557 1734 1569 1794 •
1594 1734 1695 1794 iam
1783 1732 1834 1792 in
1871 1730 2022 1790 ſtate

683 1870 779 1930 tpe
813 1857 1087 1917 pascali.
1119 1853 1280 1913 aliqus
1312 1852 1457 1912 spat
1507 1852 1571 1912 qui
1603 1850 1732 1910 post
1782 1844 1911 1904 festa
1959 1835 2023 1895 ul

694 1988 911 2048 mediu
970 1980 1130 2040 anum
1159 1978 1333 2038 possit
1376 1978 1493 2038 hee
1522 1978 1799 2038 discrtiore
1827 1976 2030 2036 confesso

692 2112 784 2172 rem
864 2108 1036 2168 satrte
1103 2104 1195 2164 qui
1249 2101 1382 2161 ipum
1435 2099 1661 2159 cerita
1713 2098 1820 2158 sua
1886 2098 2060 2158 am-

693 2223 902 2283 plius
954 2216 1270 2276 informet
1322 2216 1335 2276 •
1348 2216 1452 2276 mo
1505 2216 1570 2276 an
1622 2218 1715 2278 tlis
1754 2218 1912 2278 poſſʒ
1938 2220 2016 2280 dif

724 2340 880 2400 erre
924 2340 1167 2400 ꝯfeſſioʒ
1210 2337 1310 2397 ſua
1368 2334 1611 2394 adillud
1653 2332 1796 2392 tpus
1840 2337 2011 2397 Rndʒ

693 2459 1075 2519 allexander
1106 2450 1394 2510 dehallis
1441 2447 1665 2507 ecapte
1698 2448 1921 2508 sume⹎
1953 2448 2018 2508 qu-

709 2580 995 2640 instante
1034 2574 1121 2634 ppe
1183 2570 1458 2630 cofitenti
1483 2564 1796 2624 detimato
1845 2556 2057 2616 abeita

712 2700 803 2760 non
820 2699 895 2759 det
941 2698 1018 2758 quis
1049 2696 1646 2756 differreconfessionem
1693 2692 1892 2752 confitiri
1922 2694 1985 2754 di
2015 2694 2060 2754 at

691 2819 840 2879 quis
891 2818 941 2878 in
991 2818 1116 2878 alio
1154 2818 1241 2878 tpe
1279 2818 1391 2878 non
1455 2817 1693 2877 statuto
1742 2812 1992 2872 abecria

694 2936 969 2996 differet
1039 2940 1397 3000 confessione.
1438 2939 1672 2999 adillum
1756 2935 1908 2995 finem
1935 2931 2003 2991 ut

701 3062 906 3122 possit
947 3060 1262 3120 confiteri
1302 3056 1659 3116 discrecori.
1686 3051 1809 3111 qui
1836 3048 2082 3108 melius

690 3182 902 3242 possit
952 3184 1000 3244 in
1048 3184 1360 3244 vestigare
1392 3182 1522 3242 suam
1538 3178 1832 3238 consciam.
1864 3172 2079 3232 dominimon

711 3310 974 3370 pptfiat
1029 3310 1140 3370 cera
1167 3308 1321 3368 ipsus
1362 3306 1598 3366 statutu
1694 3301 1944 3361 abecina
2014 3298 2055 3358 et

707 3432 864 3492 dnous
892 3432 1049 3492 tpus
1103 3430 1273 3490 illud
1326 3427 1457 3487 non
1524 3424 1788 3484 multin
1839 3415 2076 3475 distet-

703 3556 863 3616 estcimo
908 3549 965 3609 quo
994 3547 1096 3607 non
1141 3545 1360 3605 pecret
1417 3545 1505 3605 di
1533 3544 1693 3604 autum
1709 3544 1795 3604 pos
1826 3541 2000 3601 pasta

700 3674 850 3734 quis
901 3664 1176 3724 ꝯmittet
1227 3662 1390 3722 pclin
1453 3662 1654 3722 morle
1729 3660 1780 3720 et
1829 3655 2030 3715 credẽt

724 3793 767 3853 se
824 3790 897 3850 no
939 3788 1112 3848 posse
1155 3784 1299 3844 habre
1342 3782 1645 3842 discretum
1659 3773 2004 3833 confessorem

717 3914 788 3974 an
862 3901 1035 3961 eomia
1094 3898 1151 3958 t
1195 3898 1283 3958 non
1325 3898 1484 3958 escio
1529 3898 1600 3958 quod
1615 3897 1761 3957 posse
1804 3882 2095 3942 differre-

723 4035 769 4095 s.
800 4030 848 4090 in
894 4025 989 4085 isto
1035 4020 1160 4080 casu
1239 4018 1364 4078 esse
1379 4016 1706 4076 confsitends
1739 4009 1879 4069 inu
1910 4001 2099 4061 discerto

733 4150 785 4210 et
824 4147 903 4207 pus
943 4141 1074 4201 data
1127 4133 1470 4193 opetuitate
1522 4127 1719 4187 discnto
1773 4124 1918 4184 plus
1983 4124 2035 4184 et

730 4267 819 4327 xc
880 4260 1074 4320 multu
1119 4258 1313 4318 perficit
1374 4256 1434 4316 qur
1448 4256 1658 4316 confessor
1702 4249 2017 4309 discretus

713 4386 986 4446 cogiitis
1027 4378 1178 4438 pactis
1232 4374 1397 4434 debet
1438 4372 1548 4432 esse
1603 4370 1919 4430 benuolus
1959 4367 2111 4427 peratus

711 4505 902 4565 erige
969 4498 1201 4558 orindo
1268 4494 1596 4554 elconsinas
1636 4490 1758 4550 preo
1800 4485 2070 4545 fauendo

711 4619 1031 4679 consolando
1059 4612 1364 4672 leviendo
1436 4612 1524 4672 fpe
1553 4610 1915 4670 prmittendo
1974 4606 2032 4666 in

719 4737 1021 4797 itepando
1070 4732 1258 4792 deleat
1309 4730 1547 4790 loqndo
1598 4728 1899 4788 instruat
1949 4728 2125 4788 apan-

729 4858 785 4918 co
855 4855 1038 4915 vnde
1096 4850 1294 4910 daigu
1364 4848 1422 4908 in
1464 4848 1633 4908 quod
1675 4846 1901 4906 simone
1945 4846 2099 4906 unlem

724 4966 775 5026 et
828 4968 1166 5028 sulubriter
1193 4968 1362 5028 pottam
1402 4968 1519 5028 na
1583 4970 1870 5030 debemus
1923 4972 2093 5032 iugit

700 5081 764 5141 et
802 5085 1060 5145 humilr
1139 5086 1268 5146 non
1332 5086 1513 5146 solum
1616 5085 1706 5145 deo
1770 5084 1797 5144 f
1848 5083 2041 5143 ſanct

731 5197 786 5257 et
813 5198 911 5258 deu
994 5202 1355 5262 timentibus
1425 5203 1688 5263 confiti.
1730 5200 1828 5260 Seo
1883 5195 2104 5255 dubita

734 5324 933 5384 siquis
995 5324 1181 5384 potat
1218 5321 1542 5381 mortaliter
1591 5317 1641 5377 et
1690 5314 1753 5374 ia
1803 5311 1964 5371 vere
2014 5308 2075 5368 est

716 5448 873 5508 qſtus
958 5445 1015 5505 et
1059 5444 1144 5504 pet
1259 5439 1374 5499 ſibi
1416 5433 1673 5493 remiſſu
1760 5428 1830 5488 ut
1917 5426 2044 5486 tlis

2402 1221 2626 1281 teneam
2655 1226 2833 1286 statim
2908 1228 3147 1288 confiti
3191 1226 3354 1286 presne
3415 1224 3593 1284 allepus
3624 1224 3683 1284 quod
3697 1226 3846 1286 nunque

2396 1338 2478 1398 est
2520 1341 2771 1401 sufficies
2826 1342 3048 1402 confiio
3089 1340 3352 1400 demorli
3382 1342 3506 1402 sine
3547 1345 3755 1405 proposito

2382 1458 2723 1518 confitendi
2796 1458 2857 1518 et
2886 1458 3018 1518 siltem
3064 1460 3300 1520 videtir
3329 1462 3434 1522 sibi
3478 1464 3553 1524 quo
3582 1466 3670 1526 ecia
3701 1470 3848 1530 nunque

2388 1573 2472 1633 est
2530 1577 2815 1637 sufficies
2859 1580 3074 1640 contto
3116 1582 3244 1642 sine
3286 1584 3643 1644 execucione
3687 1586 3788 1646 hus

2384 1700 2599 1760 propofiti
2624 1700 2676 1760 in
2714 1702 2841 1762 opere
2891 1704 3145 1764 offente
3195 1706 3233 1766 se
3272 1706 3589 1766 apertuutate
3639 1697 3854 1757 etmeo-

2396 1820 2666 1880 riaptti
2728 1828 3059 1888 sosupdtus
3089 1830 3148 1890 tn
3180 1832 3269 1892 pate
3314 1831 3390 1891 quod
3405 1829 3541 1889 tlatis
3556 1821 3796 1881 tenetur

2393 1949 2625 2009 confiti
2694 1953 2748 2013 qr
2791 1955 2901 2015 non
2955 1956 3175 2016 ontrtus
3229 1954 3299 2014 an
3353 1952 3436 2012 sit
3477 1949 3587 2009 sibi
3627 1945 3805 2005 dini-

2427 2072 2546 2132 sim
2605 2072 2678 2132 an
2725 2071 2964 2131 nonge
3012 2070 3202 2130 ne,stit
3251 2067 3429 2127 homo
3490 2066 3572 2126 an
3621 2064 3799 2124 amoe

2399 2189 2515 2249 uel
2555 2192 2724 2252 ooiner
2750 2189 2998 2249 dignns
3037 2184 3140 2244 sit,
3167 2181 3400 2241 ectaiates
3439 2180 3543 2240 quo
3582 2182 3687 2242 Set
3712 2185 3738 2245 d

2426 2325 2476 2385 ſi
2493 2322 2579 2382 eſſ
2646 2318 2765 2378 clus
2815 2316 3003 2376 dehxt
3053 2314 3070 2374 q
3139 2314 3292 2374 pain
3342 2313 3444 2373 eſſ
3494 2311 3597 2371 ſibi
3630 2306 3819 2366 aum-

2431 2446 2482 2506 Iu
2570 2446 2749 2506 aput
2801 2446 2902 2506 dmn
2965 2446 3030 2506 an
3093 2444 3143 2504 ti
3208 2442 3372 2502 tene
3424 2439 3628 2499 adhuc
3679 2433 3754 2493 con

2414 2568 2602 2628 fiteri
2659 2570 2773 2630 rpr
2818 2570 3034 2630 adhuc
3091 2570 3177 2630 ut
3222 2568 3552 2628 satiffacet
3597 2566 3768 2626 ecclese

2388 2689 2451 2749 et
2491 2693 2939 2753 reconciliaet
2991 2694 3042 2754 ſe
3107 2692 3210 2752 ſibi
3248 2691 3351 2751 tlis
3414 2689 3582 2749 debet
3633 2685 3814 2745 ꝯfiti-

2391 2816 2418 2876 f
2485 2816 2593 2876 non
2646 2816 2713 2876 oʒ
2755 2815 3010 2875 qſtatm
3105 2812 3360 2872 excanſ
3413 2803 3750 2863 ſupradict

2411 2927 2476 2987 in
2528 2930 2580 2990 ro
2634 2932 2830 2992 dubio
2895 2932 2947 2992 et
2986 2932 3091 2992 hoc
3156 2930 3445 2990 depcepto
3471 2928 3497 2988 ·
3510 2928 3562 2988 et
3601 2926 3706 2986 hoc
3745 2923 3849 2983 eſſi

2398 3060 2588 3120 boni
2653 3058 2954 3118 consilium
3003 3058 3082 3118 que
3115 3056 3178 3116 per
3209 3054 3624 3114 erubescunmque
3656 3054 3817 3114 eciam

2397 3186 2587 3246 tollet
2643 3188 2765 3248 sibi
2805 3185 3077 3245 magna
3133 3181 3215 3241 pers
3255 3179 3405 3239 pene
3460 3178 3637 3238 quam
3732 3180 3786 3240 de

2417 3315 2615 3375 beret
2671 3316 2841 3376 solue
2898 3311 2940 3371 in
2996 3306 3322 3366 prgatorio
3393 3301 3435 3361 et
3477 3300 3591 3360 silt
3619 3304 3789 3364 propter

2405 3434 2463 3494 in
2509 3434 2860 3494 hunilitatem
2905 3434 3126 3494 auget
3184 3434 3302 3494 sibi
3345 3434 3478 3494 gracia
3552 3436 3595 3496 et
3626 3439 3845 3499 caitas

2402 3556 2547 3616 adeo
2622 3556 2709 3616 sint
2738 3556 2796 3616 per
2827 3556 2929 3616 alia
2972 3556 3163 3616 sacrita
3207 3556 3383 3616 noue
3427 3558 3574 3618 legs
3603 3560 3838 3620 confert

2402 3682 2643 3742 caitas
2685 3678 2742 3738 in
2770 3678 3011 3738 digna
3067 3678 3210 3738 eorum
3238 3678 3564 3738 susceptioe
3606 3680 3761 3740 uiio

2414 3800 2713 3860 augent
2792 3798 2910 3858 alie
2963 3799 3184 3859 v*ʾtutes
3237 3800 3472 3860 homis
3523 3800 3563 3860 in
3615 3797 3758 3857 eiste

2426 3926 2488 3986 et
2535 3922 2612 3982 etf
2642 3918 2814 3978 phoc
2860 3918 3170 3978 ſatiſfacet
3216 3920 3449 3980 ppoſito
3479 3918 3495 3978 q
3573 3912 3804 3972 habint

2415 4050 2479 4110 in
2517 4047 2823 4107 contrcione.
2848 4044 2899 4104 et
2938 4044 3026 4104 ppr
3053 4040 3217 4100 alias
3269 4036 3601 4096 uiilitates
3651 4028 3803 4088 sup-

2409 4170 2658 4230 tactas
2701 4165 2965 4225 srmone
3008 4163 3111 4223 preo
3140 4158 3490 4218 ceconfessione
3564 4151 3858 4211 exquibus

2421 4296 2511 4356 bn
2540 4294 2617 4354 piu
2661 4292 2736 4352 quo
2752 4290 2886 4350 tlis
2901 4286 3128 4346 confessio
3188 4282 3309 4342 non
3368 4279 3489 4339 fiet
3534 4275 3759 4335 gratis

2442 4416 2529 4476 sed
2572 4413 2760 4473 ualde
2803 4410 3005 4470 uiilr.
3050 4404 3382 4464 Soquibus
3425 4400 3557 4460 pite
3571 4398 3672 4458 quan
3715 4396 3845 4456 ptem

2441 4531 2583 4591 ſine
2648 4528 2725 4588 ſit
2778 4523 3140 4583 inſtifficat
3230 4517 3385 4577 aput
3425 4514 3514 4574 deu
3580 4512 3709 4572 ſine
3762 4511 3813 4571 no

2429 4652 2684 4712 adhuc
2728 4648 2819 4708 tem
2864 4648 3118 4708 conficius
3148 4648 3357 4708 precipue
3387 4646 3493 4706 prpe
3523 4638 3777 4698 preceptum

2426 4776 2599 4836 ecce
2647 4776 2709 4836 quo
2740 4776 3025 4836 omnibus
3056 4774 3261 4834 tlibus
3308 4770 3529 4830 precipit
3575 4760 3876 4820 confiteti

2441 4901 2603 4961 Vnde
2640 4896 2879 4956 nullus
2930 4892 3043 4952 qui
3080 4890 3331 4950 pitauit
3382 4888 3595 4948 morlit
3658 4886 3720 4946 pt
3759 4884 3808 4944 ſe

2435 5033 2754 5093 aconfessione
2799 5016 3011 5076 orsare
3088 5013 3375 5073 occrente
3437 5010 3694 5070 operiuite
3756 5002 3909 5062 loci-

2461 5165 2508 5225 et
2539 5158 2665 5218 pris
2743 5151 2792 5211 et
2823 5142 3185 5202 confessore
3231 5136 3438 5196 hntem
3500 5134 3657 5194 tlente
3689 5136 3942 5196 legitique

2444 5264 2974 5324 auttoitatenriq

2774 5406 3117 5466 nomibus
3150 5399 3303 5459 nostris
3338 5396 3662 5456 operacionibus
3679 5396 3953 5456 locuconius
