5166 6804
1506 1128 2950 1227 sive racionis moderamine delectatur
1532 1267 2954 1360 Item erratur circa ipsum quando exercetur in tempore
1548 1386 2944 1492 aut in loco in quo non debet / aut pro¬
1568 1514 2904 1613 hibetur / sicut de istis qui comedebant in
1572 1640 2952 1739 sepulchris parentum suorum in aniversariis
1576 1771 2944 1876 ut in Legenda Kathedre sacti petri Et
1562 1892 2940 2002 in sermone quodam beatus maximus dicit
1566 2024 2928 2127 miror cur aput quosdam infideles
1566 2147 2914 2261 hodie tam perniciosus error increvit
1568 2267 2970 2371 super tumulos defunctorum cibos et vina
1562 2396 2954 2495 conferrant / quasi egresse de corporibus
1566 2530 2900 2633 anime corporales cibos requirant parare
1564 2661 2928 2757 caris suis dicunt quod ipsi devorant et quod
1568 2780 2896 2879 prestant ventri inputant pietati Item
1562 2906 2920 3011 quando comeditur nimis diu per plures horas
1574 3031 2904 3134 quia in hoc eciam digestio inpeditur
1568 3154 2940 3252 et tempus in aliis se occupandi perditur
1562 3277 2978 3382 Item quando actus comedendi nimis multo¬
1542 3401 2914 3518 ciens frequentatur in die naturali sine omni
1542 3519 2914 3644 necessitate / nec amicicie / nec caritatis gracia
1588 3651 2896 3754 sicut bestie / que omni hora comedunt et
1568 3775 2972 3860 bibunt / homo enim ex quo est animal racionale
1550 3891 2926 3990 tunc debet sibi determinare certas horas ad
1550 4011 2926 4110 comedendum et tantum tempus pro intervallo / quod
1546 4134 2970 4243 cibus sumptus in una refeccione convenienter
1526 4260 2874 4381 possit / digeri ante 2am sumpcionem / et sic
1554 4394 2926 4495 solet fieri in intervallo octo horarum / et
1554 4520 2934 4638 propter videmus / quod ubi ista intervalla non
1558 4650 2938 4752 servantur / sed ubi sumitur cibus crudus
1548 4770 2950 4885 cum semidigestio ibi distrahantur corpora /
1538 4894 2954 5005 et sunt homines ut communiter graves et in¬
1546 5012 2946 5133 digesti / at per hoc indispositi ad actus
1562 5142 3002 5253 spirituales / sicut sunt contemplacio / oracio studium
1544 5278 2976 5377 et huiusmodi Ex quibus bene patet quomodo multicipliter
1542 5400 2942 5501 excedunt homines quieti sicut in calcu¬
3316 1106 4624 1204 lacionibus vel consiliis residentes
3316 1234 4604 1342 qui volunt quater in die comedere scilicet
3302 1362 4622 1466 gentari prandere merendari et sero
3314 1493 4618 1589 cenare ubi vix currunt due hore
3306 1610 4700 1709 pro intervallo Quomodo isti excusantur a gula /
3326 1742 4644 1844 nisi aliquando assit racionabilis causa non video /
3304 1860 4692 1976 non enim puto quod fames compellat / nec
3314 1990 4678 2096 necessitas ad hoc / sed solum mala consuetudo
3296 2118 4648 2226 et delectacio quam querunt in cibo Et dixi
3300 2244 4652 2350 notanter in quiete existentes / qui isti qui
3296 2371 4375 2473 manualiter graviter laborant / ut
3612 2492 4622 2588 pro victu suo sicut ligoniste car¬
3314 2622 4630 2718 carpentarii fabri ceteris / qui non graviter ita
3318 2745 4664 2838 laborant ut sutores sartores plus ex¬
3318 2864 4744 2963 cusantur / nisi tales essent incremento corporis
3314 2986 4646 3083 ita quod ratione crementi indigerent tociens
3306 3102 4612 3208 recipere cibum / 3o potest fieri error / circa
3320 3229 4640 3347 actum comedendi / ex parte rerum que come¬
3300 3343 4688 3463 duntur et hoc potest fieri pluribus modis
3300 3466 4702 3588 Primo quando quis sumit plus de cibo quam
3316 3600 4658 3710 natura summentis requirit / et est excessus
3316 3730 4714 3836 in quantitate / cuius excessus plurimum discsiatꝛ
3326 3863 4640 3965 corpora Et ideo dixit salvator Luce 21o
3330 3983 4684 4091 Attendite autem vobis ne forte graventur
3322 4102 4652 4211 corda vestra in crapula et ebrietate et
3330 4222 4682 4336 curis huius seculi et superveniat in vos repentina
3308 4354 4646 4466 dies illa / quia sic erit versus finem mundi /
3332 4478 4664 4593 sicut ante diluvium / in crapula erunt pre¬
3322 4600 4682 4717 cipue homines sicut iam videmus impleri
3324 4728 4714 4838 dicente salvatore Mi 24 Sicut enim erat
3308 4852 4660 4962 in diebus ante diluvium comedentes et
3324 4975 4728 5093 bibentes / et nuptui tradentes usque ad diem
3324 5121 4696 5217 quo intravit in archam noe et non cog¬
3314 5240 4732 5348 noverunt donec venit diluvium et tulit
3316 5386 4654 5486 omnes ita erit adventus filii hominis
