5166 6845
785 1276 931 1336 tener
947 1278 1149 1338 confiteri
1157 1278 1173 1338 /
1181 1276 1407 1336 preceptum
1439 1270 1560 1330 autem
1576 1268 1698 1328 eclere
1714 1264 1794 1324 non
1818 1264 2012 1324 oblcegs¬

735 1402 928 1462 iudeos
951 1402 966 1462 /
974 1401 1043 1461 quia
1059 1400 1121 1460 dicit
1144 1396 1314 1456 Apolis
1344 1393 1422 1453 primo
1460 1390 1592 1450 Coris
1615 1388 1708 1448 2to
1746 1386 1947 1446 nichil
1970 1389 2032 1449 ad

706 1531 839 1591 nos
861 1528 913 1588 de
927 1525 1053 1585 hiis
1090 1516 1378 1576 queforis
1409 1509 1511 1569 sunt
1542 1507 1792 1567 indicare
1815 1508 1837 1568 /
1852 1509 1978 1569 qui
2000 1513 2081 1573 fo¬

723 1655 833 1715 ras
849 1650 960 1710 sunt
999 1642 1291 1702 indicabit
1315 1637 1457 1697 dominus
1480 1636 1496 1696 /
1520 1634 1599 1694 2o
1607 1632 1710 1692 patet
1725 1630 1797 1690 quod
1812 1627 2033 1687 pubici

805 1781 1033 1841 peccatores
1046 1777 1060 1837 /
1080 1776 1150 1836 ut
1170 1770 1404 1830 mettes
1424 1762 1706 1822 lenones
1735 1758 1927 1818 tenm
1954 1762 2030 1822 onus

744 1899 998 1959 confitei
1019 1896 1040 1956 /
1054 1894 1154 1954 patet
1175 1891 1217 1951 ex
1252 1886 1408 1946 dictis
1436 1879 1570 1939 non
1598 1874 1669 1934 tamue
1705 1870 1817 1930 dunt
1853 1868 2057 1928 sacantur

785 2024 1022 2084 absolvi
1063 2015 1192 2075 isi
1225 2004 1504 2064 dimittant
1537 1992 1686 2052 vitam
1713 1983 1964 2043 prteritam
1984 1980 2011 2040 /

742 2150 794 2210 et
816 2147 869 2207 de
884 2142 997 2202 hac
1034 2133 1341 2193 assecuent
1378 2121 1678 2181 confessorem
1708 2116 1730 2176 /
1737 2114 1865 2174 alis
1887 2111 2030 2171 deno

744 2273 824 2333 vo
855 2265 1127 2325 peccarent
1166 2257 1239 2317 Si
1262 2253 1470 2313 proposito
1501 2245 1781 2305 peccandi
1805 2244 2076 2304 susipent

764 2401 923 2461 sacramentu
982 2387 1294 2447 absolucioriusm
1315 2377 1540 2437 stientur
1576 2373 1634 2433 in
1648 2372 1779 2432 peccato
1809 2372 1983 2432 mortal

732 2522 845 2582 nec
875 2521 981 2581 sunt
1027 2515 1110 2575 vere
1141 2507 1376 2567 ptenriis
1413 2499 1452 2559 ut
1467 2496 1527 2556 patet
1549 2492 1603 2552 ex
1640 2490 1800 2550 dictis
1837 2492 2057 2552 Augtituesm

731 2644 809 2704 in
824 2644 895 2704 de
926 2641 1074 2701 vera
1114 2635 1184 2695 et
1215 2629 1332 2689 flam
1348 2620 1520 2680 penetencia
1582 2613 1652 2673 et
1683 2610 1949 2670 allegat
1996 2616 2089 2676 asit

716 2751 875 2811 distincione
898 2757 954 2817 16
1002 2758 1105 2818 4ti
1137 2757 1288 2817 flas
1312 2750 1535 2810 penitentias
1558 2742 1734 2802 dicius
1750 2740 1805 2800 si
1836 2740 2051 2800 culpis
2075 2744 2084 2804 /

745 2888 994 2948 irreticus
1023 2885 1081 2945 ad
1102 2879 1344 2939 penitenciam
1365 2870 1529 2930 venit
1579 2861 1665 2921 etc.
1836 2850 1971 2910 cosm

952 2986 1079 3046 icet
1124 2983 1440 3043 confessio
1458 2976 1547 3036 sit
1575 2968 1800 3028 difficil
1836 2961 2026 3021 fieri¬

951 3110 1220 3170 multis
1256 3106 1340 3166 quia
1375 3101 1673 3161 repugt
1701 3096 1785 3156 nter
1813 3090 2061 3150 extevior

724 3238 912 3298 home
946 3235 1211 3295 speritualibus
1236 3230 1535 3290 repugt
1577 3230 1825 3290 verecundia
1876 3240 2133 3300 repungi¬

731 3360 924 3420 honor
956 3358 1077 3418 seculi
1093 3356 1117 3416 /
1133 3356 1198 3416 et
1222 3354 1641 3414 temptacionis
1682 3356 1746 3416 de
1754 3360 1931 3420 monis
1947 3364 1963 3424 /
1971 3369 2100 3429 que

733 3488 911 3548 omna
953 3486 1174 3546 faciunt,
1217 3484 1293 3544 ut
1336 3482 1497 3542 quis
1522 3480 1642 3540 proptria
1684 3480 1862 3540 culpa
1923 3482 2066 3542 eru¬

732 3620 959 3680 bescat
1000 3616 1219 3676 confiteri
1260 3613 1365 3673 dum
1398 3612 1641 3672 magis
1657 3612 1845 3672 preentia
1893 3617 2047 3677 quam

745 3740 952 3800 fitura
991 3738 1236 3798 cogitat
1260 3739 1283 3799 /
1298 3740 1375 3800 tamn
1406 3742 1528 3802 ipsam
1560 3744 1729 3804 debet
1767 3742 2067 3802 reputari

714 3864 936 3924 facilis
952 3862 969 3922 /
977 3861 1059 3921 quia
1084 3858 1174 3918 est
1216 3857 1315 3917 deo
1348 3856 1578 3916 placita
1611 3856 1628 3916 /
1644 3856 1693 3916 et
1726 3856 1866 3916 abeo
1882 3857 2104 3917 preceptus

718 3993 863 4053 mea
894 3992 916 4052 /
932 3990 1267 4050 conplacet
1297 3986 1404 4046 dum
1435 3984 1656 4044 libenter
1686 3984 1922 4044 recipit
1960 3985 2112 4045 ren¬

743 4108 966 4168 tentes
994 4108 1062 4168 de
1089 4107 1157 4167 ea
1198 4105 1483 4165 exultunt
1538 4102 1694 4162 omns
1735 4104 1918 4164 angore
1945 4105 1966 4165 /
1980 4107 2054 4167 quia

717 4224 1022 4284 gaudium
1061 4226 1249 4286 maius
1272 4226 1359 4286 est
1398 4224 1468 4284 in
1484 4222 1601 4282 celo
1641 4221 1782 4281 super
1805 4218 1947 4278 uno
1970 4218 2126 4278 peccatore

763 4337 1013 4397 penitentiam
1042 4342 1279 4402 agentem
1300 4342 1320 4402 /
1334 4341 1487 4401 quam
1509 4340 1634 4400 contatio
1683 4338 1857 4398 novem
1878 4338 2052 4398 iustis

749 4456 856 4516 qui
898 4456 991 4516 non
1020 4456 1269 4516 indigent
1318 4454 1482 4514 penitencia
1532 4452 1597 4512 Vt
1618 4449 1682 4509 dicit
1710 4446 1981 4506 salvator
2010 4440 2095 4500 hunc

748 4574 763 4634 s
865 4572 967 4632 Qaio
1004 4572 1063 4632 et
1084 4570 1267 4630 ostendit
1304 4569 1480 4629 nobis
1502 4568 1655 4628 ibide
1699 4566 1742 4626 de
1758 4563 1881 4623 filvio
1897 4560 1933 4620 pr
1948 4558 2080 4618 digo
2109 4554 2130 4614 /

729 4696 863 4756 qui
898 4698 983 4758 pt
991 4698 1144 4758 quam
1169 4697 1347 4757 omnia
1389 4692 1686 4752 consupersit
1728 4685 1822 4745 cum
1847 4680 2127 4740 meretrcibus

723 4817 975 4877 vensus
1009 4816 1092 4876 est
1135 4815 1201 4875 ad
1219 4814 1269 4874 se
1311 4810 1488 4870 dixit
1530 4807 1648 4867 potest
1664 4804 1858 4864 peccau
1933 4802 2153 4862 incelum

724 4937 779 4997 et
813 4938 1031 4998 coram
1053 4938 1100 4998 te
1134 4938 1141 4998 /
1154 4938 1237 4998 iam
1271 4936 1421 4996 non
1449 4933 1538 4993 sum
1565 4929 1858 4989 dignus
1879 4919 2097 4979 propcari

721 5048 920 5108 filius
958 5055 1126 5115 tuus
1149 5058 1263 5118 fat
1301 5058 1416 5118 me
1454 5056 1562 5116 sicut
1577 5054 1737 5114 unum
1768 5048 1814 5108 ex
1852 5040 2173 5100 incenariis

723 5168 867 5228 tuis
875 5173 891 5233 /
907 5178 1059 5238 luce
1219 5188 1468 5248 Adevis
1500 5186 1812 5246 confessionem
1836 5177 2084 5237 statim

724 5298 929 5358 veniam
964 5309 1143 5369 dedit
1177 5317 1433 5377 celestis
1450 5320 1562 5380 potest
1570 5320 1588 5380 /
1605 5320 1656 5380 et
1681 5316 1887 5376 longe
1912 5308 2074 5368 poesnis

773 5426 953 5486 occurit
975 5431 991 5491 /
1006 5435 1200 5495 dando
1223 5438 1343 5498 sibi
1373 5438 1658 5498 aditoria
1688 5438 1703 5498 /
1718 5438 1771 5498 et
1800 5438 2071 5498 recognicionem

2499 1248 2713 1308 peccatorum
2745 1252 2943 1312 oscreum
2983 1252 3094 1312 Au
3181 1252 3189 1312 /
3204 1250 3284 1310 quodo
3316 1248 3578 1308 insigno
3617 1247 3664 1307 est
3680 1246 3815 1306 saculci

2437 1374 2618 1434 pacis
2633 1376 2649 1436 /
2664 1376 2829 1436 stolam
2861 1376 3049 1436 novam
3072 1376 3292 1436 prferri
3323 1374 3503 1434 iubet
3527 1372 3542 1432 /
3558 1371 3613 1431 qued
3629 1369 3817 1429 vestis

2444 1489 2531 1549 est
2562 1492 2819 1552 nupciali
2841 1492 2855 1552 /
2862 1491 3016 1551 quam
3031 1488 3237 1548 siquis
3266 1485 3355 1545 non
3377 1484 3626 1544 habuit
3641 1484 3655 1544 /
3670 1484 3685 1544 a
3714 1486 3853 1546 quxilo

2489 1611 2739 1671 nuprcabilie
2790 1612 2836 1672 ex
2874 1612 3099 1672 cluditur
3112 1610 3131 1670 /
3150 1609 3247 1669 dat
3291 1607 3503 1667 amulum
3535 1602 3785 1662 inmaum

2442 1731 2610 1791 eius
2636 1730 2661 1790 id
2670 1730 2695 1790 est
2711 1730 2914 1790 fidem
2940 1728 3226 1788 pignus
3243 1726 3260 1786 /
3277 1726 3336 1786 et
3362 1724 3471 1784 sainci
3505 1722 3674 1782 spiritus
3690 1720 3875 1780 pung¬

2430 1859 2577 1919 caulsum
2592 1858 2608 1918 /
2631 1855 2839 1915 calcita
2878 1853 3010 1913 sibi
3048 1851 3296 1911 deferri
3312 1850 3335 1910 /
3358 1848 3636 1908 epulatis
3667 1846 3722 1906 se
3760 1845 3845 1905 cu¬

2440 1995 2619 2055 sactum
2646 1991 2825 2051 pasca
2868 1984 2970 2044 it
3004 1979 3166 2039 haberat
3210 1974 3346 2034 contra
3372 1972 3535 2032 omnes
3568 1974 3850 2034 incursus

2462 2118 2725 2178 vestiarum
2732 2117 2748 2177 /
2763 2115 2817 2175 et
2848 2110 3102 2170 serpentum
3133 2101 3427 2161 demomum
3465 2096 3773 2156 temptaciones

2484 2250 2779 2310 subsidum
2795 2247 2803 2307 /
2819 2245 2892 2305 Ut
2917 2239 3179 2299 exponit
3220 2232 3474 2292 Ambrohsirus
3515 2230 3612 2290 bo
3646 2228 3727 2288 2o

2475 2372 2544 2432 de
2567 2371 2733 2431 penitentia
2771 2370 2780 2430 /
2810 2368 2984 2428 Unde
3014 2364 3220 2424 agenda
3273 2361 3319 2421 est
3334 2359 3516 2419 penitenciam
3562 2354 3661 2414 non
3683 2352 3827 2412 sonum

2445 2486 2716 2546 sollicite
2759 2487 2859 2547 sed
2902 2485 3144 2545 mature
3173 2483 3201 2543 /
3223 2482 3295 2542 ne
3323 2480 3458 2540 supra
3488 2478 3616 2538 veos
3651 2476 3837 2536 veniat

2435 2602 2508 2662 ila
2541 2602 2786 2662 emeincsta
2836 2604 3105 2664 comminacio
3138 2604 3162 2664 /
3170 2604 3375 2664 deptere
3407 2601 3727 2661 familias
3751 2597 3759 2657 /
3776 2596 3824 2656 qui

2442 2729 2773 2789 plantavit
2816 2726 2957 2786 ficum
3001 2726 3067 2786 in
3089 2726 3288 2786 vnea
3324 2728 3427 2788 sua
3471 2728 3487 2788 /
3516 2728 3567 2788 et
3611 2728 3846 2788 quens

2455 2859 2678 2919 fructum
2717 2855 2781 2915 in
2804 2854 2867 2914 ea
2916 2852 3098 2912 tribus
3130 2852 3296 2912 ais
3304 2852 3320 2912 /
3329 2852 3384 2912 et
3415 2850 3519 2910 non
3542 2850 3590 2910 in
3614 2849 3852 2909 venens
3876 2848 3885 2908 /

2458 2978 2648 3038 dixit
2695 2978 2932 3038 cultori
2972 2976 3177 3036 vinee
3232 2973 3500 3033 Sucide
3548 2972 3643 3032 eam
3658 2972 3666 3032 /
3691 2972 3762 3032 ut
3793 2972 3856 3032 quid

2445 3097 2669 3157 terram
2704 3105 3009 3165 occupatur
3054 3110 3197 3170 luce
3233 3110 3323 3170 1o
3341 3110 3448 3170 sicut
3475 3108 3537 3168 et
3565 3104 3699 3164 vos
3734 3096 3869 3156 dmines

2455 3226 2698 3286 aimeret
2767 3228 2872 3288 t
2898 3230 2976 3290 3o
2993 3230 3227 3290 penetenciam
3254 3228 3446 3288 agite
3498 3223 3827 3283 aprpenqubit

2456 3340 2588 3400 enim
2612 3345 2859 3405 regnum
2890 3348 3084 3408 celorum
3122 3346 3285 3406 Super
3301 3344 3433 3404 quo
3471 3338 3835 3398 Ambrosius

2440 3462 2799 3522 nescimus
2837 3464 2980 3524 qua
3032 3463 3175 3523 hora
3219 3462 3324 3522 fur
3346 3460 3542 3520 venit
3571 3458 3586 3518 /
3608 3456 3826 3516 nescius

2492 3587 2581 3647 an
2603 3584 2788 3644 proxiam
2817 3582 2972 3642 nocte
3032 3581 3047 3641 a
3069 3580 3260 3640 nobis
3305 3580 3445 3640 nram
3467 3580 3512 3640 te
3534 3580 3755 3640 postat

2462 3712 2597 3772 animam
2612 3710 2628 3770 /
2644 3710 2762 3770 sicut
2794 3707 3007 3767 adam
3039 3704 3141 3764 post
3157 3702 3330 3762 peccatum
3338 3700 3355 3760 /
3370 3698 3599 3758 statim
3622 3698 3788 3758 tuica

2439 3826 2728 3886 vescivit
2775 3828 3064 3888 pellicea
3112 3828 3213 3888 non
3229 3828 3464 3888 sericea
3519 3828 3574 3888 Ex
3613 3828 3871 3888 quibus

2445 3952 2704 4012 patent
2751 3950 2868 4010 4orem
2901 3950 3025 4010 que
3065 3950 3189 4010 nos
3222 3950 3345 4010 dent
3393 3952 3605 4012 monem
3659 3952 3720 4012 ad
3740 3952 3931 4012 penitentiam

2442 4078 2540 4138 scilicet
2558 4076 2657 4136 dei
2675 4076 2836 4136 perata
2872 4078 3142 4138 suscepcio
3186 4080 3490 4140 gaudium
3544 4075 3813 4135 angulorum

2466 4200 2526 4260 de
2551 4202 2684 4262 nostra
2750 4204 3088 4264 conversione
3112 4204 3130 4264 /
3148 4203 3341 4263 timor
3389 4202 3630 4262 mortis
3643 4202 3661 4262 /
3673 4202 3721 4262 et
3745 4202 3854 4262 hoe

2463 4322 2664 4382 ipsius
2698 4322 2968 4382 nicetudo
2984 4324 2993 4384 /
3009 4324 3069 4384 pre
3094 4325 3372 4385 occupeus
3414 4325 3507 4385 ergo
3524 4324 3692 4384 facie
3725 4322 3885 4382 eius

2454 4450 2520 4510 n
2544 4450 2841 4510 confessione
2865 4452 2890 4512 /
2906 4452 3138 4512 adorenus
3162 4452 3261 4512 eum
3286 4452 3302 4512 /
3319 4452 3632 4512 procidamus
3656 4452 3722 4512 in
3747 4450 3878 4510 con¬

2442 4578 2755 4638 fessionem
2764 4576 2781 4636 /
2789 4576 2848 4636 et
2881 4574 3254 4634 ploremus
3296 4572 3449 4632 coram
3482 4570 3533 4630 eo
3559 4570 3567 4630 /
3584 4568 3710 4628 qui
3737 4566 3837 4626 fet

2461 4700 2597 4760 nos
2638 4702 2816 4762 oves
2843 4700 3110 4760 pascue
3171 4695 3321 4755 eius
3356 4691 3437 4751 ut
3479 4689 3636 4749 autem
3649 4683 3888 4743 stiamus

2456 4822 2646 4882 quomodo
2674 4823 2746 4883 et
2783 4824 3065 4884 qualiter
3092 4826 3319 4886 debeamus
3346 4825 3647 4885 confessionem
3674 4822 3828 4882 facere

2487 4948 2672 5008 propenti
2722 4948 2883 5008 aliquem
2908 4951 3068 5011 dicendum
3093 4953 3178 5013 est
3211 4956 3271 5016 de
3287 4959 3539 5019 confessione
3582 4959 3776 5019 diculus

2501 5078 2647 5138 Ave
2687 5080 2881 5140 marima
2922 5082 2962 5142 pro
2986 5082 3099 5142 gractia
3172 5084 3390 5144 Aliue
3431 5084 3593 5144 sermo
3617 5082 3673 5142 de
3689 5080 3915 5140 confeor
3980 5066 4312 5126 quodceneatur
4336 5051 4392 5111 ad
4416 5041 4546 5101 ubus
4570 5025 4683 5085 contra

2728 5192 2911 5252 abita
2948 5192 3043 5252 iam
3080 5194 3146 5254 in
3160 5196 3535 5256 superioribus
3565 5199 3740 5259 quis
3770 5202 3843 5262 de¬

2720 5310 3049 5370 confiteri
3087 5315 3240 5375 vebali
3262 5320 3630 5380 confessionem
3645 5319 3668 5379 /
3683 5316 3866 5376 modo

2482 5438 2753 5498 videndum
2796 5438 2932 5498 erit
2953 5438 2967 5498 /
2982 5438 3146 5498 quid
3189 5434 3446 5494 teneatur
3474 5432 3681 5492 adultus
3703 5432 3874 5492 confiteri
