5166 6845
723 1284 731 1344 /
746 1281 814 1341 quod
836 1278 896 1338 in
911 1275 1023 1335 isto
1061 1268 1203 1328 casit
1226 1264 1377 1324 tener
1406 1260 1594 1320 homo
1631 1260 1841 1320 confite
1886 1262 2043 1322 perienit

683 1403 864 1463 partem
893 1393 1118 1453 Secotus
1154 1387 1285 1447 vero
1313 1383 1436 1443 ubi
1452 1381 1581 1441 supra
1596 1380 1734 1440 dicit
1756 1380 1770 1440 /
1784 1380 1842 1440 quod
1865 1382 1951 1442 non
1966 1383 2045 1443 vi¬

736 1523 888 1583 detur
920 1515 1097 1575 necesstum
1128 1509 1192 1569 quod
1211 1504 1363 1564 aliquis
1389 1495 1648 1555 confiteatur
1679 1490 2009 1550 intemrptem

730 1635 924 1695 forus
945 1630 1059 1690 enim
1103 1623 1339 1683 iudicium
1375 1617 1432 1677 et
1460 1614 1618 1674 penitencie
1661 1611 1718 1671 et
1747 1610 1926 1670 exsui
1947 1610 2047 1670 nuturs

686 1752 1092 1812 secetissinum
1108 1742 1133 1802 /
1141 1740 1197 1800 et
1220 1737 1340 1797 contra
1356 1734 1460 1794 hoc
1484 1730 1604 1790 fierit
1619 1730 1627 1790 /
1635 1729 1683 1789 si
1716 1728 1875 1788 peccator
1899 1728 2122 1788 duobus

723 1881 806 1941 sciliet
824 1870 1074 1930 sacerdoti
1109 1861 1167 1921 et
1200 1858 1301 1918 intr
1309 1854 1410 1914 prti
1435 1848 1829 1908 manfestaret
1863 1846 2030 1906 peccatum

701 2013 833 2073 suum
848 2006 856 2066 /
871 2001 925 2061 quia
950 1995 1074 2055 tales
1089 1990 1143 2050 si
1166 1986 1415 2046 vellent
1454 1980 2021 2040 malignaraposset

759 2129 862 2189 hoc
891 2119 1067 2179 peccatum
1089 2111 1266 2171 publice
1302 2105 1353 2165 et
1384 2099 1677 2159 testificare
1721 2094 1838 2154 contra
1854 2091 2022 2151 consi¬

739 2253 896 2313 tentem
911 2247 932 2307 /
939 2245 989 2305 et
1017 2240 1089 2300 sic
1117 2234 1281 2294 ipsum
1303 2225 1524 2285 graviter
1566 2218 1916 2278 dampinificare
1951 2216 2051 2276 cor¬

723 2375 848 2435 pali
871 2369 1018 2429 Inde
1035 2364 1096 2424 dicit
1112 2361 1167 2421 quod
1182 2357 1291 2417 talis
1322 2353 1383 2413 in
1400 2350 1500 2410 hoc
1524 2346 1765 2406 casuet
1788 2346 2068 2406 inpossicieo

708 2505 772 2565 ad
796 2490 1116 2550 confitendum
1132 2482 1155 2542 /
1171 2480 1220 2540 et
1251 2478 1324 2538 iden
1355 2474 1587 2534 sufficit
1620 2472 1708 2532 talim
1739 2472 1939 2532 confiteri
1979 2474 2075 2534 deo

738 2629 807 2689 cum
830 2615 1031 2675 proposito
1069 2599 1370 2659 confitendi
1394 2594 1556 2654 sacramenti
1587 2592 1602 2652 /
1625 2592 1896 2652 occurrente
1934 2594 2049 2654 loco

724 2752 816 2812 tempore
831 2743 900 2803 et
916 2729 1199 2789 oportunitate
1245 2719 1483 2779 videtir
1506 2717 1590 2777 tamen
1621 2718 1797 2778 mnici
1836 2718 1897 2778 quod
1913 2718 2050 2778 untrque

718 2880 782 2940 in
798 2870 903 2930 parte
935 2860 1055 2920 ueim
1079 2851 1247 2911 dicant
1271 2847 1295 2907 /
1303 2844 1464 2904 pei
1480 2844 1568 2904 scilicet
1592 2842 1801 2902 alieno
1832 2845 2065 2905 interpratiu

760 2991 886 3051 non
893 2980 1048 3040 tener
1078 2970 1247 3030 homo
1277 2965 1388 3025 prode
1425 2962 1587 3022 peccatum
1609 2962 1734 3022 suum
1756 2963 1772 3023 /
1786 2964 1845 3024 de
1861 2966 1986 3026 quo

720 3104 802 3164 est
826 3102 933 3162 sibi
957 3097 1153 3157 visile
1177 3095 1251 3155 quod
1267 3092 1407 3152 non
1439 3089 1620 3149 taceret
1644 3088 1660 3148 /
1676 3087 1726 3147 ex
1758 3086 1946 3146 causa
1979 3086 2109 3146 dicta

717 3226 818 3286 Sed
855 3220 1051 3280 siquis
1080 3214 1168 3274 habet
1190 3208 1560 3268 interptem
1589 3207 1837 3267 convernctum
1866 3211 1939 3271 ut
1975 3214 2069 3274 ux¬

729 3346 882 3406 aorem
921 3341 1020 3401 vel
1047 3340 1206 3400 filium
1226 3339 1239 3399 /
1253 3338 1313 3398 de
1333 3338 1452 3398 quo
1492 3338 1571 3398 vere
1604 3338 1684 3398 nel
1718 3338 1989 3398 indiget

718 3465 875 3525 time
899 3462 914 3522 /
930 3462 1009 3522 talim
1040 3460 1127 3520 est
1166 3462 1363 3522 valde
1402 3466 1717 3526 consultum
1732 3468 1818 3528 propter
1835 3465 2046 3525 verecun¬

715 3586 832 3646 diam
846 3584 868 3644 /
882 3584 940 3644 et
970 3584 1195 3644 multarum
1225 3588 1472 3648 penarum
1501 3594 1813 3654 remissionem
1828 3593 1843 3653 /
1865 3591 1922 3651 quod
1944 3587 2075 3647 con¬

720 3706 894 3766 steatur
910 3706 1109 3766 pectalieonm
1142 3706 1491 3766 interptem
1515 3707 1540 3767 /
1565 3708 1946 3768 notifficando
1971 3710 2086 3770 sibi

744 3828 871 3888 peccata
914 3828 1013 3888 per
1034 3829 1197 3889 verba
1247 3829 1346 3889 vel
1375 3828 1552 3888 sigena
1587 3828 1594 3888 /
1609 3825 1744 3885 coram
1772 3821 2041 3881 sacerdote

722 3956 737 4016 /
752 3955 812 4015 et
842 3954 946 4014 iste
969 3952 1170 4012 ultius
1185 3950 1477 4010 promictiet
1522 3948 1581 4008 ea
1604 3948 1753 4008 sacramenti
1783 3948 1798 4008 /
1813 3948 1873 4008 et
1895 3950 2022 4010 propter

726 4087 896 4147 sacrmioine
928 4084 1269 4144 absolucioneum
1292 4080 1572 4140 perquam
1596 4076 1844 4136 securus
1875 4076 1992 4136 erit
2007 4076 2023 4136 /
2030 4076 2086 4136 quod

727 4208 774 4268 si
806 4206 1050 4266 habuit
1090 4204 1154 4264 de
1161 4204 1327 4264 peccatis
1351 4201 1492 4261 suis
1525 4198 1682 4258 veram
1706 4192 2053 4252 displicenciam
2069 4188 2078 4248 /

757 4332 818 4392 et
850 4330 1088 4390 propositum
1119 4325 1404 4385 amplius
1434 4320 1534 4380 non
1558 4316 1804 4376 peccandi
1827 4314 1842 4374 /
1858 4314 1920 4374 quod
1927 4315 2027 4375 tunc

747 4463 868 4523 peccata
918 4458 1046 4518 adeo
1074 4454 1195 4514 sibi
1230 4446 1572 4506 dimittentur
1607 4437 1792 4497 Ixta
1828 4434 2027 4494 suprata

762 4581 1077 4641 deutilitatibus
1097 4572 1405 4632 confessionis
1425 4568 1438 4628 /
1457 4566 1721 4626 videtur
1766 4566 1863 4626 eciam
1876 4566 2062 4626 michi

732 4702 803 4762 quod
819 4701 1042 4761 siquis
1073 4696 1177 4756 esset
1193 4691 1439 4751 posicus
1471 4684 1789 4744 magone
1813 4682 1829 4742 /
1845 4682 1900 4742 et
1917 4682 2099 4742 solus

776 4827 901 4887 situr
909 4823 1048 4883 cuius
1071 4819 1268 4879 lignam
1298 4814 1577 4874 ignorat
1613 4810 1790 4870 possit
1834 4806 2047 4866 habei

742 4943 860 5003 qui
868 4939 979 4999 sibi
1004 4938 1177 4998 sacramentum
1217 4938 1495 4998 mistaret
1519 4938 1542 4998 /
1550 4938 1614 4998 et
1637 4938 1796 4998 iuxor
1835 4936 1986 4996 proxnia

725 5064 862 5124 que
909 5059 1191 5119 maritum
1222 5056 1283 5116 et
1307 5054 1635 5114 sacerdotem
1665 5054 1979 5114 intelliget
1994 5056 2009 5116 /
2025 5057 2078 5117 quod

753 5195 884 5255 talis
901 5194 1072 5254 tentur
1097 5194 1154 5254 in
1178 5193 1285 5253 hoc
1317 5192 1473 5252 tasum
1505 5187 1857 5247 trimocrsus
1889 5179 2036 5239 esset
2061 5174 2085 5234 /

793 5320 852 5380 de
874 5320 1179 5380 fidelitate
1202 5318 1209 5378 /
1224 5318 1283 5378 et
1306 5316 1588 5376 tatitiitate
1633 5309 1870 5369 iuxoris
1892 5299 2078 5359 permenitur

727 5435 993 5495 prestacionum
1029 5436 1103 5496 vps
1112 5437 1223 5497 onis
1259 5441 1518 5501 confiteri
1536 5442 1563 5502 /
1581 5442 1664 5502 ne
1692 5438 1838 5498 sine
1876 5426 2068 5486 sacramento

2450 1247 2693 1307 decederet
2718 1248 2727 1308 /
2743 1249 2803 1309 et
2828 1250 2912 1310 sic
2946 1248 3080 1308 contra
3096 1247 3341 1307 preceptum
3374 1246 3509 1306 ecclesie
3526 1247 3777 1307 peccaret

2435 1361 2492 1421 et
2527 1362 2635 1422 suo
2663 1364 2792 1424 modo
2813 1364 3064 1424 videtur
3113 1364 3413 1424 dicendum
3456 1364 3506 1424 de
3527 1364 3656 1424 filio
3677 1366 3834 1426 fideli

2423 1477 2491 1537 et
2526 1480 2612 1540 sic
2654 1481 2893 1541 intasu
2928 1478 3209 1538 videtur
3235 1476 3294 1536 per
3311 1476 3619 1536 interprtem
3644 1481 3868 1541 confiter

2435 1596 2534 1656 sectu
2590 1594 2724 1654 etiam
2760 1590 2915 1650 ritum
2951 1587 3219 1647 observator
3262 1586 3417 1646 ecclesia
3459 1586 3608 1646 converit
3650 1589 3750 1649 cura

2431 1708 2679 1768 mitos
2698 1706 2712 1766 /
2725 1706 2986 1766 quibus
3006 1703 3241 1763 singlis
3287 1700 3457 1760 anis
3483 1693 3758 1753 ministrat
3790 1686 3803 1746 /

2427 1828 2623 1888 sacramentum
2647 1823 2883 1883 extrate
2923 1818 3049 1878 qui
3072 1811 3450 1871 perupores
3481 1808 3623 1868 suos
3647 1810 3843 1870 confitetur
3867 1812 3875 1872 /

2420 1946 2493 2006 de
2511 1944 2594 2004 e3ro
2612 1939 2813 1999 scilicetempore
2831 1933 2977 1993 quo
3005 1930 3196 1990 rellet
3234 1932 3499 1992 confiteri
3535 1940 3636 2000 non
3654 1954 3827 2014 hobet

2415 2064 2706 2124 sacerdote
2745 2056 2966 2116 prentem
2998 2054 3013 2114 /
3029 2052 3194 2112 quidus
3226 2052 3446 2112 dixerunt
3485 2052 3501 2112 /
3524 2052 3588 2112 quod
3603 2053 3776 2113 deberet

2428 2191 2623 2251 stritere
2656 2183 3063 2243 confessionem
3096 2180 3206 2240 sua
3249 2178 3266 2238 /
3274 2178 3342 2238 et
3384 2175 3478 2235 eam
3503 2171 3698 2231 mitere
3723 2164 3849 2224 sacra¬

2439 2316 2565 2376 doti
2582 2316 2598 2376 /
2607 2316 2708 2376 sicut
2734 2313 2893 2373 legitur
2910 2308 3103 2368 secisse
3138 2298 3474 2358 cantuariem
3507 2290 3566 2350 qued
3591 2288 3868 2348 confessorum

2448 2431 2569 2491 suam
2596 2436 2780 2496 misit
2806 2436 2832 2496 /
2840 2435 2946 2495 Sed
2989 2432 3138 2492 quid
3173 2427 3269 2487 tunc
3321 2422 3444 2482 esset
3461 2418 3532 2478 de
3558 2414 3662 2474 isto
3679 2412 3698 2472 /
3715 2409 3828 2469 qui

2432 2559 2643 2619 stribere
2670 2564 2918 2624 nescieret
2945 2564 2965 2624 /
2983 2562 3157 2622 numquam
3194 2558 3377 2618 tenetur
3395 2553 3580 2613 spirtoi
3616 2544 3827 2604 confiterei

2441 2686 2531 2746 ut
2564 2688 2752 2748 scbet
2793 2686 2867 2746 quod
2883 2684 3022 2744 non
3039 2677 3309 2737 videtur
3350 2670 3473 2730 vndium
3498 2668 3563 2728 soest
3580 2666 3654 2726 dicit
3678 2666 3849 2726 Sotus

2438 2800 2589 2860 diecie
2617 2805 2635 2865 1
2697 2808 2858 2868 hsus
2876 2806 3028 2866 sine
3072 2802 3125 2862 et
3170 2799 3269 2859 hoc
3304 2796 3465 2856 videtur
3483 2794 3598 2854 esse
3625 2795 3804 2855 contr

2432 2929 2668 2989 racione
2685 2930 2712 2990 /
2729 2930 2800 2990 et
2843 2926 3203 2986 institucorem
3229 2922 3422 2982 sacraenlis
3457 2924 3842 2984 confessionis
3851 2932 3870 2992 /

2406 3064 2423 3124 /
2440 3065 2516 3125 quia
2541 3064 2643 3124 omnis
2668 3060 2905 3120 sciptura
2955 3055 2998 3115 ex
3040 3052 3158 3112 sua
3192 3050 3361 3110 nata
3420 3049 3580 3109 nata
3640 3053 3682 3113 et
3699 3056 3817 3116 esse

2476 3185 2683 3245 publicita
2732 3183 2747 3243 /
2763 3178 3051 3238 quantutque
3074 3172 3242 3232 aliquis
3275 3167 3474 3227 secrete
3529 3162 3737 3222 conservat

2499 3314 2652 3374 seipstum
2685 3312 2838 3372 apud
2870 3309 2935 3369 sequiu
2959 3307 2975 3367 /
2992 3306 3040 3366 ex
3072 3304 3193 3364 quo
3226 3302 3315 3362 iamn
3339 3297 3565 3357 inictit
3597 3292 3751 3352 illud
3783 3287 3815 3347 /

2439 3441 2499 3501 io
2534 3438 2629 3498 propter
2646 3434 2905 3494 nucgtium
2932 3430 3036 3490 vuel
3053 3428 3140 3488 propter
3157 3426 3312 3486 illum
3330 3426 3469 3486 qui
3503 3427 3702 3487 mittiur
3737 3431 3823 3491 potest

2450 3560 2739 3620 publicari
2764 3562 2790 3622 /
2806 3562 2888 3622 quia
2905 3559 3103 3619 semper
3137 3556 3228 3616 est
3261 3552 3477 3612 maita
3526 3550 3791 3610 ciicuque

2454 3680 2686 3740 logenti
2715 3682 2817 3742 ibi
2844 3682 2919 3742 quod
2947 3680 3180 3740 catnetur
3199 3678 3320 3738 Im
3357 3675 3412 3735 per
3431 3672 3664 3732 squrturam
3692 3669 3748 3729 ab
3767 3667 3859 3727 sei

2449 3807 2630 3867 missa
2672 3802 2862 3862 talleretur
2886 3802 3126 3862 verecundia
3167 3802 3183 3862 /
3200 3802 3241 3862 que
3266 3802 3324 3862 est
3340 3802 3506 3862 magns
3522 3801 3555 3861 in
3572 3797 3844 3857 confessione

2471 3937 2540 3997 Et
2561 3932 2671 3992 hoc
2698 3928 2795 3988 ide
2829 3924 2988 3984 videtur
3015 3923 3174 3983 velle
3229 3922 3408 3982 Augsto
3443 3924 3587 3984 inde
3615 3922 3746 3982 vera

2457 4054 2518 4114 et
2559 4047 2660 4107 flam
2687 4042 2857 4102 pearniapima
2904 4040 3142 4100 dicens
3182 4040 3331 4100 Qunc
3392 4040 3616 4100 peinitet
3670 4038 3826 4098 omo

2461 4167 2755 4227 peniteat
2784 4162 2850 4222 et
2880 4162 3070 4222 dolorem
3114 4164 3342 4224 lacriis
3371 4164 3584 4224 ondati
3606 4160 3818 4220 Rrpsentai

2436 4284 2603 4344 vitam
2629 4284 2770 4344 suam
2796 4284 2893 4344 deo
2936 4284 3262 4344 persacridotemr
3289 4286 3587 4346 pertemat
3658 4281 3886 4341 redicitur

2458 4400 2565 4460 dei
2582 4400 2644 4460 per
2671 4403 3016 4463 confessione
3043 4404 3061 4464 /
3078 4404 3309 4464 precepit
3344 4401 3486 4461 enim
3512 4398 3663 4458 domins
3707 4391 3884 4451 min¬

2460 4515 2704 4575 dandis
2724 4514 2731 4574 /
2752 4513 2833 4573 ut
2874 4512 3139 4572 ometer
3173 4511 3282 4571 ora
3336 4507 3540 4567 saceraiobus
3588 4499 3853 4559 docens

2511 4629 2762 4689 corporali
2785 4626 2980 4686 prisencia
3027 4626 3308 4686 confitenda
3340 4626 3465 4686 peccata
3519 4622 3613 4682 non
3629 4616 3817 4676 prosprtum

2447 4755 2913 4815 manmsestardam
2945 4748 3125 4808 dixit
3166 4746 3298 4806 enim
3338 4745 3346 4805 /
3379 4744 3493 4804 orata
3567 4738 3796 4798 mrate

2461 4874 2524 4934 et
2574 4871 2744 4931 omnes
2765 4869 2787 4929 /
2808 4867 2908 4927 non
2936 4864 3142 4924 unus
3170 4857 3524 4917 prominibus
3545 4854 3559 4914 /
3580 4853 3645 4913 et
3680 4852 3828 4912 non

2509 4989 2791 5049 statuatis
2805 4983 3066 5043 murtium
3109 4978 3240 5038 qui
3261 4974 3500 5034 provobiT
3536 4966 3767 5026 conferat

2489 5124 2776 5184 mius
2819 5120 3099 5180 amorse
3135 5105 3452 5165 instituitum
3474 5095 3488 5155 /
3496 5092 3555 5152 de
3562 5088 3687 5148 quo
3716 5082 3804 5142 hesa

2460 5256 2616 5316 luce
2669 5254 2712 5314 te
2747 5252 2869 5312 Sed
2903 5249 3033 5309 si
3069 5246 3129 5306 per
3155 5243 3268 5303 vos
3303 5234 3564 5294 peccascis
3591 5227 3642 5287 per
3651 5217 3920 5277 voseru¬

2467 5390 2732 5450 testatis
2770 5392 3131 5452 frubesirua
3169 5398 3301 5458 enim
3329 5400 3462 5460 ipsa
3519 5399 3614 5459 habet
3633 5394 3831 5454 partem
