5166 6845
594 1135 1898 1273 tarie / et quantum ad hoc dixi / pura / 4o
594 1247 1958 1397 ut fortiter et inmobiliter operetur / et quantum
602 1366 1958 1513 ad hoc dixi / fortis Et quia confessio summit
604 1488 1956 1623 originem in horrore turpitudinis peccati / quia
622 1600 1924 1741 homo horret turpitudinem / et quantum
614 1710 1986 1853 ad hoc dicitur verecunda / 2o procedit ad dolorem
612 1834 1994 1963 de peccato / et quantum ad hoc debet esse lacrimo¬
628 1951 1920 2077 sa / 3o terminatur in obieccionem sui / ita quod homo
626 2063 1990 2193 recognoscat suum defectum / et quantum ad hoc
626 2185 1990 2309 debet esse humilis Et quia confessio debet esse
618 2315 1994 2431 manifestativa peccati / que manifestacio potest per qua¬
634 2445 1960 2550 tuor inpediri / primo per falsitatem / et ideo confessio
626 2551 1956 2666 debet esse fidelis / 2o per obscuritatem / et ideo
646 2659 2010 2785 debet esse nuda / 3a per multiplicacionem verborum /
638 2779 1974 2901 et ideo debet esse / simplex f slecht / 4to ut non
658 2909 1982 3017 subtrahatur aliquid de hiis que manifestan¬
644 3031 1980 3135 da sunt / et propter hoc dicitur / integra Sed confessio
664 3157 1984 3263 in quatum est pars sacramenti / sic concernit iudicium
668 3279 2032 3383 sacerdotis / qui est minister sacerdoti / ideo ex parte con¬
682 3381 1996 3495 fitentis opertet quod sit accusans / quia de occultis
692 3501 2008 3617 sacerdos non potest iudicare / et ex parte confi¬
668 3627 2008 3735 tentis sacerdotis quod paratus sit obedire Secreta
654 3737 1994 3853 quantum ad iudicium illud / in quo de secretis con¬
680 3844 2042 3978 sciencie agitur Ex istis patet quod confessio coacta /
688 3968 1986 4082 vel publica / vel diminuta / non est sufficiens
666 4127 1974 4170 sicut patet de confessione iude / que non fuit
702 4189 2088 4309 sufficiens / quia coacte ex desperacione / et humano
690 4316 1966 4419 timore et verecundia / quod vir ab omnibus pro¬
682 4430 2048 4529 ditor sui domini apparebatur / ut dicit glosa Mt 27
686 4537 2024 4653 Unde patet illum non ex punccione penituisse /
680 4649 2042 4773 quia homicidium prioribus peccatis addidit /
708 4759 2074 4881 fuit eciam diminuta / quia de furto tacuit Unde
692 4889 2068 4995 de ista confessione dicit Bernhardus Iudas penitencia
700 4997 2080 5105 ductus ponderavit peccatum pondere publico /
700 5110 2056 5226 non pondere sanctuarii / de quo in psalmo dicitur
688 5224 2092 5356 31 Dixi confitebor adversum me iniusti¬
704 5320 2054 5442 ciam meam domino et tu remisisti / pondus
2318 1069 3682 1189 publicum est / de quo gen 3o Maior est iniquitas
2306 1186 3704 1295 mea quam ut veniam merear Sed diceret quis /
2312 1296 3690 1412 ex quo ad confessionem requirantur tot circum¬
2348 1408 3696 1534 stancie ut laudabiliter fiat / quare Cristus expresse
2330 1520 3774 1651 non precepit confessionem fieri a peccatoribus dicens /
2346 1646 3754 1780 Iubeo vos confiteri / sicut expresse dedit suis discipulis
2346 1768 3702 1896 auctoritatem remittendi peccata in terris / huius
2346 1887 3774 2011 dat allexander de hallis 4ta parte summe duas
2330 1989 3710 2127 causas Una est hugonis in libro de sacramentis
2346 2120 3736 2246 ut propter maius meritum voluntario quodam modo
2354 2238 3736 2366 esset confessio / ut scilicet urgente propria necessitate
2338 2364 3748 2490 currerent ad medicos Unde dicit audi qualiter
2326 2486 3744 2614 voluit Cristus / ut a te ipso surgeres / ut non quasi
2352 2604 3732 2732 extorta vel coacta videretur confessio tua /
2368 2720 3742 2852 Idcirco quod a se pertinuit officium suum discipulis
2368 2840 3752 2976 peragendum iniunxit / ut medico more egros
2362 2976 3732 3092 veientes exciperent et sanarent Medicis ergo
2362 3086 3754 3208 dixit / ut curarent infirmis / dixit / ut ad
2372 3218 3744 3328 medicos curandi gracia venirent / supple ex¬
2376 3328 3726 3460 presse Hoc enim quasi certum esse voluit / quod
2372 3440 3830 3574 egri libenter salutem quererent / et se curandos
2370 3564 3736 3694 afferrent / si medicos invenirent Infirmum
2368 3690 3760 3810 enim morbus suus sufficienter ammonet / nec
2372 3814 3778 3932 opus precepto habet supple expresse Alia causa
2398 3934 3788 4050 est ne homini daretur occasio recidivandi / quia
2396 4040 3768 4168 enim dominus fuit fundator ecclesie / et venientibus
2394 4166 3876 4298 ad eam fiebat remissio omnium peccatorum per waptismum /
2398 4288 3824 4418 ideo ab eo expresse non debuit precipi confessio /
2406 4404 3818 4538 ne aliquibus ex causa domini daretur recidivandi
2410 4524 3818 4642 occasio Et propter hoc dicit Hugo ubi supra ipsi me¬
2404 4648 3798 4757 dici / quia postea negligentes in curacione sua / egro¬
2404 4760 3788 4880 tos invenerunt eos ad salutem quererendam
2396 4878 3828 4996 sua ammonicione excitaverunt / et ex precepto ar¬
2400 5112 3782 5242 precepto peccatoribus Sed queritur 2o ex quo
2414 5244 3834 5370 confessio oris est precepta inplicite et tacite /
