5166 6804
1336 1096 2808 1189 et ostendens iudicatur sapiens / sic est in proposito
1328 1217 1653 1280 de peccatis
1653 1209 2140 1275 De confessione
1632 1307 2768 1380 Apiens dicit sapiencie 19 / qui negli¬
1328 1280 1653 1288 de peccatis
1652 1415 2760 1506 git viam suam mortificabitur
1660 1538 2798 1633 Et Ieremie 48o dicitur Maledictus qui
1338 1667 2770 1763 facit opus divisum Et maledictus homo qui
1314 1791 2814 1891 facit opus dei fraudulenter Ille autem precipue
1350 1919 2784 2013 negligenter agit / qui facit precepta dei pra¬
1338 2045 2782 2143 va intencione / vel malo fine / vel propter vanam
1330 2165 2762 2263 gloriam / vel coactus / vel defectuose / coacte /
1338 2297 2796 2391 plus timore pene / quam amore iusticie Unde
1334 2419 2808 2515 vigilandum est / ne homo faciens dei precepta
1326 2545 2772 2641 negligenter circa ea / vel fraudulenter agat /
1318 2671 2792 2768 quia ut dicit gregorius primo moralium / quando dyabolus
1326 2797 2786 2892 in parva radice / corrumpit intencionem hominis
1324 2917 2796 3015 de facili totam operacionem / inficit / et inutilem
1314 3041 2762 3149 ymo et nociva facit / ergo summa cura vigi¬
1346 3163 2752 3283 landum est / ne vel bonis operibus serviens ‧
1320 3287 2716 3411 mens reproba intencione polluatur / sicut et
1338 3423 2748 3527 Iob timuit de filiis suis dicens Iob primo Ne
1338 3553 2762 3659 forte peccaverunt filii mei et benedixerunt / glosa
1286 3677 2714 3793 id est maledixerunt vel benedixerunt de peccato
1302 3813 2752 3921 deo in cordibus suis Ac si aperte diceretur
1280 3935 2740 4051 Nullum est bonum quod foris agitur / si non
1286 4065 2742 4195 pro eo intus ‧ ante dei oculos innocencie vic¬
1312 4189 2754 4317 tima in ara cordis ymolatur / et sic tota
1306 4319 2722 4443 intencione / perspiciendus est fluvius operis /
1314 4463 2722 4575 si purus emana a fonte cogitacionis / omni
1304 4591 2722 4699 cura servandus est a malicie / puluere
1300 4723 2706 4831 oculus cordis / ne hoc quod in accione rectum
1322 4845 2738 4967 hominibus ostentat / aput semet ipsum / per
1312 4975 2724 5099 vicium prave intencionis intorqueat /
1302 5105 2738 5234 filius enim iste qui iussus est operari in
1266 5217 2736 5339 vineam patris sui et cum murmure ivit / et
1290 5333 2728 5447 fecit non multum commendatur de quo / m
3110 1109 4532 1225 Mt xio 21o Ita et apostolus precipit subditis /
3108 1250 4504 1356 quod ex animo obediant suis dominis / per Ipsos im¬
3110 1368 4486 1472 perata fideliter / adinplendo quo ad dominos
3118 1492 4494 1602 loquitur terrenos / a forciori sic est prompte
3124 1606 4482 1720 obediendum divinis preceptis / quia obediencia
3106 1730 4500 1840 divinorum preceptorum est fundametum omnium
3102 1848 4494 1954 virtutum / ut innuit Ambrosius in primo libro
3106 1971 4508 2083 de iacob et vita beata capitulo viio In hoc in¬
3114 2095 4474 2211 quid studio sunt omia / per hoc adhibetur
3120 2221 4490 2323 obediencia / que ad utramlibet partem perpen¬
3102 2335 4504 2450 derit aut culpam adiungit aut graciam Hec
3106 2460 4474 2553 nos in primo adam revocavit ad vitam
3114 2577 4488 2673 et propter hoc miratur 2o exameron dicens
3118 2703 4484 2799 non mediocris pudor est inperio dei in¬
3104 2827 4538 2923 sensibilia elementa parare / et homines non obedire
3092 2952 4518 3053 / quibus tamen sensus condatus est ab ipso auctore
3104 3077 4452 3177 ecce pisces obediunt / deo prompte / et non
3108 3197 4480 3297 homines et hoc multi possunt percipere in
3106 3325 4568 3423 confessione / quam aut inviti aut sufficienter
3086 3446 4446 3551 et diminute faciant / de quibus dicendum
3082 3588 3893 3681 pro gracia dei Aue maria.
3893 3558 4436 3669 Qualis debeat esse confessio
3328 3684 4440 3789 iso ergo precedenter de utilitate
3408 3811 4458 3913 confessionis et quod nulla vere¬
3294 3933 4492 4031 cundia debet eam impedire / quia ipsa
3104 4067 4456 4169 est de precepto christi et ecclesie Nunc dubitatur
3092 4193 4488 4289 qualis debeat esse confessio Ad quod doc¬
3086 4319 4432 4415 tores ponut 16 condiciones quas eciam
3076 4455 4464 4545 ponit sanctus Thomas discinccione 17 4ti et Habentur
3074 4571 4508 4667 in hiis versibus / Sit simplex humilis
3090 4699 4444 4789 confessio pura fidelis Atque frequens
3078 4823 4450 4927 nuda discreta libens verecunda / Integra
3092 4939 4472 5049 secreta lacrimalis accelerata / ffortis et
3092 5067 4470 5171 accusans et fit parere parata / Simplex
4470 5081 4690 5171 Simplex
3070 5195 4498 5297 contra verborum multitudinem / ut scilicet in con¬
3070 5339 4462 5445 fessione ‧ non recitet aliud quam peccatum ‧
