<?xml version="1.0" encoding="UTF-8" standalone="yes"?>
<PcGts xmlns="http://schema.primaresearch.org/PAGE/gts/pagecontent/2013-07-15" xmlns:xsi="http://www.w3.org/2001/XMLSchema-instance" xsi:schemaLocation="http://schema.primaresearch.org/PAGE/gts/pagecontent/2013-07-15 http://schema.primaresearch.org/PAGE/gts/pagecontent/2013-07-15/pagecontent.xsd">
    <Metadata>
        <Creator>prov=University of Rostock/Institute of Mathematics/CITlab|PLANET AI GmbH/Tobias Gruening/tobias.gruening@planet-ai.de:name=/net_tf/LA73_249_0mod360.pb:de.uros.citlab.segmentation.CITlab_LA_ML:v=2.6.7
Transkribus</Creator>
        <Created>2022-10-18T16:29:34.403+02:00</Created>
        <LastChange>2024-01-26T11:12:52.741+01:00</LastChange>
        <TranskribusMetadata docId="1657937" pageId="61501375" pageNr="55" tsid="146072910" status="GT" userId="8373" imgUrl="https://files.transkribus.eu/Get?id=QAYVKFVALKBNQCTFURMNEUCN&amp;fileType=view" xmlUrl="https://files.transkribus.eu/Get?id=WSRTACOHJSGKGEGPVOBCWGIV" imageId="39673390"/>
    </Metadata>
    <Page imageFilename="DTL_2645812-0055.jpg" imageWidth="5166" imageHeight="6674">
        <ReadingOrder>
            <OrderedGroup id="ro_1706564726444" caption="Regions reading order">
                <RegionRefIndexed index="0" regionRef="TextRegion_1706252739306_219"/>
                <RegionRefIndexed index="1" regionRef="region_1706252300572_64"/>
                <RegionRefIndexed index="2" regionRef="r3"/>
            </OrderedGroup>
        </ReadingOrder>
        <TextRegion orientation="0.0" id="TextRegion_1706252739306_219" custom="readingOrder {index:0;}">
            <Coords points="1320,1053 2802,1053 2802,2235 2802,5258 1320,5258 1320,2235"/>
            <TextLine id="r2l1" custom="readingOrder {index:0;}">
                <Coords points="1418,1129 1484,1129 1551,1129 1618,1131 1685,1131 1752,1131 1818,1131 1885,1131 1952,1131 2019,1131 2086,1133 2152,1133 2219,1135 2286,1135 2353,1137 2420,1139 2486,1141 2553,1145 2620,1147 2687,1151 2754,1155 2754,1079 2687,1075 2620,1071 2553,1069 2486,1065 2420,1063 2353,1061 2286,1059 2219,1059 2152,1057 2086,1057 2019,1055 1952,1055 1885,1055 1818,1055 1752,1055 1685,1055 1618,1055 1551,1053 1484,1053 1418,1053"/>
                <Baseline points="1418,1104 1484,1104 1551,1104 1618,1106 1685,1106 1752,1106 1818,1106 1885,1106 1952,1106 2019,1106 2086,1108 2152,1108 2219,1110 2286,1110 2353,1112 2420,1114 2486,1116 2553,1120 2620,1122 2687,1126 2754,1130"/>
                <TextEquiv>
                    <Unicode>et nichil eis remittitur Ignis eorum non</Unicode>
                </TextEquiv>
            </TextLine>
            <TextLine id="r2l2" custom="readingOrder {index:1;}">
                <Coords points="1412,1239 1478,1237 1545,1237 1612,1237 1678,1237 1745,1237 1812,1237 1878,1237 1945,1239 2012,1240 2079,1242 2145,1243 2212,1245 2279,1247 2345,1248 2412,1249 2479,1251 2545,1253 2612,1255 2679,1255 2746,1257 2746,1181 2679,1179 2612,1179 2545,1177 2479,1175 2412,1173 2345,1172 2279,1171 2212,1169 2145,1167 2079,1166 2012,1164 1945,1163 1878,1161 1812,1161 1745,1161 1678,1161 1612,1161 1545,1161 1478,1161 1412,1163"/>
                <Baseline points="1412,1214 1478,1212 1545,1212 1612,1212 1678,1212 1745,1212 1812,1212 1878,1212 1945,1214 2012,1215 2079,1217 2145,1218 2212,1220 2279,1222 2345,1223 2412,1224 2479,1226 2545,1228 2612,1230 2679,1230 2746,1232"/>
                <TextEquiv>
                    <Unicode>extinguetur / Vermis eorum non morietur</Unicode>
                </TextEquiv>
            </TextLine>
            <TextLine id="r2l3" custom="readingOrder {index:2;} textStyle {offset:14; length:1;superscript:true;}">
                <Coords points="1396,1360 1464,1356 1532,1353 1601,1350 1669,1349 1738,1348 1806,1348 1874,1348 1943,1350 2011,1350 2080,1352 2148,1353 2216,1356 2285,1358 2353,1360 2422,1362 2490,1364 2558,1366 2627,1367 2695,1368 2764,1368 2764,1290 2695,1290 2627,1289 2558,1288 2490,1286 2422,1284 2353,1282 2285,1280 2216,1278 2148,1275 2080,1274 2011,1272 1943,1272 1874,1270 1806,1270 1738,1270 1669,1271 1601,1272 1532,1275 1464,1278 1396,1282"/>
                <Baseline points="1396,1334 1464,1330 1532,1327 1601,1324 1669,1323 1738,1322 1806,1322 1874,1322 1943,1324 2011,1324 2080,1326 2148,1327 2216,1330 2285,1332 2353,1334 2422,1336 2490,1338 2558,1340 2627,1341 2695,1342 2764,1342"/>
                <TextEquiv>
                    <Unicode>Ysaie ultimo 2o propter collacionem donorum et</Unicode>
                </TextEquiv>
            </TextLine>
            <TextLine id="r2l4" custom="readingOrder {index:3;}">
                <Coords points="1410,1466 1479,1464 1548,1462 1617,1460 1686,1460 1755,1460 1824,1460 1893,1460 1962,1462 2031,1464 2101,1464 2170,1466 2239,1468 2308,1468 2377,1470 2446,1470 2515,1470 2584,1470 2653,1470 2722,1468 2792,1466 2792,1388 2722,1390 2653,1392 2584,1392 2515,1392 2446,1392 2377,1392 2308,1390 2239,1390 2170,1388 2101,1386 2031,1386 1962,1384 1893,1382 1824,1382 1755,1382 1686,1382 1617,1382 1548,1384 1479,1386 1410,1388"/>
                <Baseline points="1410,1440 1479,1438 1548,1436 1617,1434 1686,1434 1755,1434 1824,1434 1893,1434 1962,1436 2031,1438 2101,1438 2170,1440 2239,1442 2308,1442 2377,1444 2446,1444 2515,1444 2584,1444 2653,1444 2722,1442 2792,1440"/>
                <TextEquiv>
                    <Unicode>gracie ut in principio presentis Epistole hortamur etc.</Unicode>
                </TextEquiv>
            </TextLine>
            <TextLine id="r2l5" custom="readingOrder {index:4;} textStyle {offset:1; length:1;superscript:true;}">
                <Coords points="1378,1586 1447,1582 1516,1580 1585,1578 1654,1578 1723,1578 1792,1578 1861,1578 1930,1578 1999,1580 2068,1580 2137,1582 2206,1582 2275,1584 2344,1584 2413,1586 2482,1586 2551,1586 2620,1584 2689,1584 2758,1582 2758,1504 2689,1506 2620,1506 2551,1508 2482,1508 2413,1508 2344,1506 2275,1506 2206,1504 2137,1504 2068,1502 1999,1502 1930,1500 1861,1500 1792,1500 1723,1500 1654,1500 1585,1500 1516,1502 1447,1504 1378,1508"/>
                <Baseline points="1378,1560 1447,1556 1516,1554 1585,1552 1654,1552 1723,1552 1792,1552 1861,1552 1930,1552 1999,1554 2068,1554 2137,1556 2206,1556 2275,1558 2344,1558 2413,1560 2482,1560 2551,1560 2620,1558 2689,1558 2758,1556"/>
                <TextEquiv>
                    <Unicode>3o propter collacionem adiutorii / quia misericordia domini</Unicode>
                </TextEquiv>
            </TextLine>
            <TextLine id="r2l6" custom="readingOrder {index:5;} textStyle {offset:42; length:2;superscript:true;}">
                <Coords points="1410,1680 1477,1680 1544,1680 1611,1682 1679,1682 1746,1684 1813,1685 1881,1686 1948,1688 2015,1690 2083,1691 2150,1692 2217,1694 2284,1695 2352,1696 2419,1696 2486,1696 2554,1696 2621,1696 2688,1694 2756,1694 2775,1592 2707,1592 2621,1618 2554,1618 2486,1618 2419,1618 2352,1618 2284,1617 2217,1616 2156,1572 2089,1571 2015,1612 1948,1610 1881,1608 1813,1607 1746,1606 1679,1604 1611,1604 1544,1602 1477,1602 1410,1602"/>
                <Baseline points="1410,1654 1477,1654 1544,1654 1611,1656 1679,1656 1746,1658 1813,1659 1881,1660 1948,1662 2015,1664 2083,1665 2150,1666 2217,1668 2284,1669 2352,1670 2419,1670 2486,1670 2554,1670 2621,1670 2688,1668 2756,1668"/>
                <TextEquiv>
                    <Unicode>plena est terra / et sic tempore amplius 4to</Unicode>
                </TextEquiv>
            </TextLine>
            <TextLine id="r2l7" custom="readingOrder {index:6;}">
                <Coords points="1408,1800 1474,1800 1541,1800 1607,1800 1674,1801 1740,1802 1807,1802 1873,1804 1940,1804 2006,1806 2073,1806 2139,1808 2206,1808 2272,1810 2339,1810 2405,1811 2472,1812 2538,1812 2605,1812 2671,1812 2738,1812 2738,1734 2671,1734 2605,1734 2538,1734 2472,1734 2405,1733 2339,1732 2272,1732 2206,1730 2139,1730 2073,1728 2006,1728 1940,1726 1873,1726 1807,1724 1740,1724 1674,1723 1607,1722 1541,1722 1474,1722 1408,1722"/>
                <Baseline points="1408,1774 1474,1774 1541,1774 1607,1774 1674,1775 1740,1776 1807,1776 1873,1778 1940,1778 2006,1780 2073,1780 2139,1782 2206,1782 2272,1784 2339,1784 2405,1785 2472,1786 2538,1786 2605,1786 2671,1786 2738,1786"/>
                <TextEquiv>
                    <Unicode>quia per hoc appropinquamus nostro ultimo fini</Unicode>
                </TextEquiv>
            </TextLine>
            <TextLine id="r2l8" custom="readingOrder {index:7;} textStyle {offset:55; length:1;superscript:true;}">
                <Coords points="1396,1908 1462,1910 1529,1912 1596,1912 1663,1914 1730,1914 1797,1916 1864,1916 1931,1916 1998,1918 2065,1918 2131,1918 2198,1918 2265,1918 2332,1920 2399,1920 2466,1921 2533,1922 2600,1922 2667,1924 2734,1926 2734,1848 2667,1846 2600,1844 2533,1844 2466,1843 2399,1842 2332,1842 2265,1840 2198,1840 2131,1840 2065,1840 1998,1840 1931,1838 1864,1838 1797,1838 1730,1836 1663,1836 1596,1834 1529,1834 1462,1832 1396,1830"/>
                <Baseline points="1396,1882 1462,1884 1529,1886 1596,1886 1663,1888 1730,1888 1797,1890 1864,1890 1931,1890 1998,1892 2065,1892 2131,1892 2198,1892 2265,1892 2332,1894 2399,1894 2466,1895 2533,1896 2600,1896 2667,1898 2734,1900"/>
                <TextEquiv>
                    <Unicode>et termino scilicet regno celorum secundum illud luce 3o</Unicode>
                </TextEquiv>
            </TextLine>
            <TextLine id="r2l9" custom="readingOrder {index:8;}">
                <Coords points="1404,2024 1469,2026 1535,2028 1600,2030 1666,2032 1731,2033 1797,2034 1862,2035 1928,2036 1993,2036 2059,2036 2124,2036 2190,2037 2255,2038 2321,2038 2386,2038 2452,2038 2517,2038 2583,2040 2648,2040 2714,2042 2714,1964 2648,1962 2583,1962 2517,1960 2452,1960 2386,1960 2321,1960 2255,1960 2190,1959 2124,1958 2059,1958 1993,1958 1928,1958 1862,1957 1797,1956 1731,1955 1666,1954 1600,1952 1535,1950 1469,1948 1404,1946"/>
                <Baseline points="1404,1998 1469,2000 1535,2002 1600,2004 1666,2006 1731,2007 1797,2008 1862,2009 1928,2010 1993,2010 2059,2010 2124,2010 2190,2011 2255,2012 2321,2012 2386,2012 2452,2012 2517,2012 2583,2014 2648,2014 2714,2016"/>
                <TextEquiv>
                    <Unicode>Penitenciam agite appropinquabit regnum celorum</Unicode>
                </TextEquiv>
            </TextLine>
            <TextLine id="r2l10" custom="readingOrder {index:9;}">
                <Coords points="1404,2130 1472,2132 1540,2134 1608,2135 1676,2136 1744,2138 1812,2138 1880,2140 1948,2140 2016,2140 2084,2142 2152,2142 2220,2142 2288,2142 2356,2142 2424,2144 2492,2144 2560,2144 2628,2146 2696,2146 2764,2148 2764,2075 2696,2073 2628,2073 2560,2071 2492,2071 2424,2071 2356,2069 2288,2069 2220,2069 2152,2069 2084,2069 2016,2067 1948,2067 1880,2067 1812,2065 1744,2065 1676,2063 1608,2062 1540,2061 1472,2059 1404,2057"/>
                <Baseline points="1404,2106 1472,2108 1540,2110 1608,2111 1676,2112 1744,2114 1812,2114 1880,2116 1948,2116 2016,2116 2084,2118 2152,2118 2220,2118 2288,2118 2356,2118 2424,2120 2492,2120 2560,2120 2628,2122 2696,2122 2764,2124"/>
                <TextEquiv>
                    <Unicode>de quibus amplius in Epistola pro gracia di¬</Unicode>
                </TextEquiv>
            </TextLine>
            <TextLine id="line_1706252323049_74" custom="readingOrder {index:10;}">
                <Coords points="1382,2171 1530,2171 1568,2172 1605,2173 1642,2173 1679,2175 1791,2175 1828,2177 1902,2177 1940,2175 1977,2175 2014,2173 2051,2172 2088,2169 2126,2167 2126,2235 1382,2235"/>
                <Baseline points="1382,2220 1419,2220 1456,2220 1493,2220 1530,2220 1568,2221 1605,2222 1642,2222 1679,2224 1716,2224 1754,2224 1791,2224 1828,2226 1865,2226 1902,2226 1940,2224 1977,2224 2014,2222 2051,2221 2088,2218 2126,2216"/>
                <TextEquiv>
                    <Unicode>camus Ave maria</Unicode>
                </TextEquiv>
            </TextLine>
            <TextLine id="r2l12" custom="readingOrder {index:11;}">
                <Coords points="1722,2365 1775,2363 1829,2361 1883,2361 1936,2361 1990,2361 2044,2363 2097,2365 2151,2367 2205,2369 2259,2369 2312,2372 2366,2373 2420,2376 2473,2377 2527,2379 2581,2379 2634,2381 2688,2381 2742,2380 2796,2379 2796,2304 2742,2305 2688,2306 2634,2306 2581,2304 2527,2304 2473,2302 2420,2301 2366,2298 2312,2297 2259,2294 2205,2294 2151,2292 2097,2290 2044,2288 1990,2286 1936,2286 1883,2286 1829,2286 1775,2288 1722,2290"/>
                <Baseline points="1722,2340 1775,2338 1829,2336 1883,2336 1936,2336 1990,2336 2044,2338 2097,2340 2151,2342 2205,2344 2259,2344 2312,2347 2366,2348 2420,2351 2473,2352 2527,2354 2581,2354 2634,2356 2688,2356 2742,2355 2796,2354"/>
                <TextEquiv>
                    <Unicode>oratmur vos ne in vacuum graciam</Unicode>
                </TextEquiv>
            </TextLine>
            <TextLine id="r2l13" custom="readingOrder {index:12;}">
                <Coords points="1748,2467 1795,2467 1843,2467 1890,2468 1938,2469 1986,2469 2033,2470 2081,2471 2128,2471 2176,2473 2224,2473 2271,2475 2319,2475 2366,2477 2414,2477 2462,2479 2509,2479 2557,2479 2604,2481 2652,2481 2700,2481 2700,2406 2652,2406 2604,2406 2557,2404 2509,2404 2462,2404 2414,2402 2366,2402 2319,2400 2271,2400 2224,2398 2176,2398 2128,2396 2081,2396 2033,2395 1986,2394 1938,2394 1890,2393 1843,2392 1795,2392 1748,2392"/>
                <Baseline points="1748,2442 1795,2442 1843,2442 1890,2443 1938,2444 1986,2444 2033,2445 2081,2446 2128,2446 2176,2448 2224,2448 2271,2450 2319,2450 2366,2452 2414,2452 2462,2454 2509,2454 2557,2454 2604,2456 2652,2456 2700,2456"/>
                <TextEquiv>
                    <Unicode>dei recipiatis Ait enim tempore</Unicode>
                </TextEquiv>
            </TextLine>
            <TextLine id="r2l14" custom="readingOrder {index:13;}">
                <Coords points="1708,2572 1759,2572 1810,2572 1861,2572 1912,2574 1963,2575 2014,2576 2065,2578 2116,2579 2167,2580 2218,2582 2269,2582 2320,2582 2371,2584 2422,2584 2473,2582 2524,2582 2575,2580 2626,2578 2677,2575 2728,2572 2728,2494 2677,2497 2626,2500 2575,2502 2524,2504 2473,2504 2422,2506 2371,2506 2320,2504 2269,2504 2218,2504 2167,2502 2116,2501 2065,2500 2014,2498 1963,2497 1912,2496 1861,2494 1810,2494 1759,2494 1708,2494"/>
                <Baseline points="1708,2546 1759,2546 1810,2546 1861,2546 1912,2548 1963,2549 2014,2550 2065,2552 2116,2553 2167,2554 2218,2556 2269,2556 2320,2556 2371,2558 2422,2558 2473,2556 2524,2556 2575,2554 2626,2552 2677,2549 2728,2546"/>
                <TextEquiv>
                    <Unicode>accepto exaudivi te / et in</Unicode>
                </TextEquiv>
            </TextLine>
            <TextLine id="r2l15" custom="readingOrder {index:14;}">
                <Coords points="1404,2690 1471,2687 1538,2686 1606,2684 1673,2684 1741,2686 1808,2686 1875,2687 1943,2688 2010,2690 2078,2692 2145,2693 2212,2694 2280,2695 2347,2696 2415,2696 2482,2696 2549,2694 2617,2692 2684,2690 2752,2686 2752,2608 2684,2612 2617,2614 2549,2616 2482,2618 2415,2618 2347,2618 2280,2617 2212,2616 2145,2615 2078,2614 2010,2612 1943,2610 1875,2609 1808,2608 1741,2608 1673,2606 1606,2606 1538,2608 1471,2609 1404,2612"/>
                <Baseline points="1404,2664 1471,2661 1538,2660 1606,2658 1673,2658 1741,2660 1808,2660 1875,2661 1943,2662 2010,2664 2078,2666 2145,2667 2212,2668 2280,2669 2347,2670 2415,2670 2482,2670 2549,2668 2617,2666 2684,2664 2752,2660"/>
                <TextEquiv>
                    <Unicode>die salutis adiuvi te Ecce nunc tempus</Unicode>
                </TextEquiv>
            </TextLine>
            <TextLine id="r2l16" custom="readingOrder {index:15;}">
                <Coords points="1362,2804 1434,2802 1506,2802 1578,2802 1650,2802 1722,2802 1794,2802 1866,2802 1938,2804 2010,2804 2082,2804 2154,2804 2226,2804 2298,2804 2370,2804 2442,2804 2514,2804 2586,2804 2658,2802 2730,2800 2802,2798 2802,2720 2730,2722 2658,2724 2586,2726 2514,2726 2442,2726 2370,2726 2298,2726 2226,2726 2154,2726 2082,2726 2010,2726 1938,2726 1876,2721 1804,2721 1734,2675 1662,2675 1578,2724 1506,2724 1434,2724 1362,2726"/>
                <Baseline points="1362,2778 1434,2776 1506,2776 1578,2776 1650,2776 1722,2776 1794,2776 1866,2776 1938,2778 2010,2778 2082,2778 2154,2778 2226,2778 2298,2778 2370,2778 2442,2778 2514,2778 2586,2778 2658,2776 2730,2774 2802,2772"/>
                <TextEquiv>
                    <Unicode>acceptabile ecce nunc dies salutis nemini</Unicode>
                </TextEquiv>
            </TextLine>
            <TextLine id="r2l17" custom="readingOrder {index:16;}">
                <Coords points="1366,2914 1435,2914 1505,2914 1575,2914 1645,2916 1715,2916 1784,2918 1854,2918 1924,2919 1994,2920 2064,2922 2133,2922 2203,2924 2273,2924 2343,2926 2413,2926 2482,2926 2552,2926 2622,2926 2692,2926 2762,2926 2798,2818 2692,2848 2622,2848 2552,2848 2482,2848 2413,2848 2343,2848 2273,2846 2203,2846 2133,2844 2064,2844 1994,2842 1924,2841 1854,2840 1784,2840 1715,2838 1645,2838 1575,2836 1505,2836 1435,2836 1366,2836"/>
                <Baseline points="1366,2888 1435,2888 1505,2888 1575,2888 1645,2890 1715,2890 1784,2892 1854,2892 1924,2893 1994,2894 2064,2896 2133,2896 2203,2898 2273,2898 2343,2900 2413,2900 2482,2900 2552,2900 2622,2900 2692,2900 2762,2900"/>
                <TextEquiv>
                    <Unicode>dantes ullam offensionem / ut non vituperetur</Unicode>
                </TextEquiv>
            </TextLine>
            <TextLine id="r2l18" custom="readingOrder {index:17;}">
                <Coords points="1368,3022 1437,3024 1507,3025 1577,3026 1647,3028 1717,3030 1786,3032 1856,3034 1926,3036 1996,3038 2066,3040 2135,3042 2205,3043 2275,3044 2345,3046 2415,3046 2484,3046 2554,3048 2624,3046 2694,3046 2764,3046 2764,2968 2694,2968 2624,2968 2554,2970 2484,2968 2415,2968 2345,2968 2275,2966 2205,2965 2135,2964 2066,2962 1996,2960 1926,2958 1856,2956 1786,2954 1717,2952 1647,2950 1577,2948 1507,2947 1437,2946 1368,2944"/>
                <Baseline points="1368,2996 1437,2998 1507,2999 1577,3000 1647,3002 1717,3004 1786,3006 1856,3008 1926,3010 1996,3012 2066,3014 2135,3016 2205,3017 2275,3018 2345,3020 2415,3020 2484,3020 2554,3022 2624,3020 2694,3020 2764,3020"/>
                <TextEquiv>
                    <Unicode>misterium nostrum / sed in omnibus exhibeamus</Unicode>
                </TextEquiv>
            </TextLine>
            <TextLine id="r2l19" custom="readingOrder {index:18;}">
                <Coords points="1380,3140 1449,3140 1518,3140 1587,3142 1656,3142 1725,3142 1794,3144 1863,3144 1932,3146 2001,3146 2071,3148 2140,3148 2209,3150 2278,3150 2347,3152 2416,3152 2485,3154 2554,3156 2623,3156 2692,3158 2762,3158 2762,3080 2692,3080 2623,3078 2554,3078 2485,3076 2416,3074 2347,3074 2278,3072 2209,3072 2140,3070 2071,3070 2001,3068 1932,3068 1863,3066 1794,3066 1725,3064 1656,3064 1587,3064 1518,3062 1449,3062 1380,3062"/>
                <Baseline points="1380,3114 1449,3114 1518,3114 1587,3116 1656,3116 1725,3116 1794,3118 1863,3118 1932,3120 2001,3120 2071,3122 2140,3122 2209,3124 2278,3124 2347,3126 2416,3126 2485,3128 2554,3130 2623,3130 2692,3132 2762,3132"/>
                <TextEquiv>
                    <Unicode>nosmetipsos sicut dei ministros in multa </Unicode>
                </TextEquiv>
            </TextLine>
            <TextLine id="r2l20" custom="readingOrder {index:19;}">
                <Coords points="1380,3253 1447,3253 1515,3253 1583,3253 1651,3253 1719,3253 1786,3253 1854,3253 1922,3255 1990,3255 2058,3255 2125,3255 2193,3257 2261,3257 2329,3257 2397,3259 2464,3259 2532,3261 2600,3261 2668,3262 2736,3263 2736,3187 2668,3186 2600,3185 2532,3185 2464,3183 2397,3183 2329,3181 2261,3181 2193,3181 2125,3179 2058,3179 1990,3179 1922,3179 1854,3177 1786,3177 1719,3177 1651,3177 1583,3177 1515,3177 1447,3177 1380,3177"/>
                <Baseline points="1380,3228 1447,3228 1515,3228 1583,3228 1651,3228 1719,3228 1786,3228 1854,3228 1922,3230 1990,3230 2058,3230 2125,3230 2193,3232 2261,3232 2329,3232 2397,3234 2464,3234 2532,3236 2600,3236 2668,3237 2736,3238"/>
                <TextEquiv>
                    <Unicode>paciencia / in tribulacionibus in vigiilis in ie¬</Unicode>
                </TextEquiv>
            </TextLine>
            <TextLine id="r2l21" custom="readingOrder {index:20;}">
                <Coords points="1378,3357 1449,3357 1520,3359 1591,3359 1662,3361 1733,3363 1804,3363 1875,3365 1946,3367 2017,3368 2089,3369 2160,3371 2231,3371 2302,3373 2373,3373 2444,3373 2515,3373 2586,3373 2657,3373 2728,3371 2800,3369 2800,3293 2728,3295 2657,3297 2586,3297 2515,3297 2444,3297 2373,3297 2302,3297 2231,3295 2160,3295 2089,3293 2017,3292 1946,3291 1875,3289 1804,3287 1733,3287 1662,3285 1591,3283 1520,3283 1449,3281 1378,3281"/>
                <Baseline points="1378,3332 1449,3332 1520,3334 1591,3334 1662,3336 1733,3338 1804,3338 1875,3340 1946,3342 2017,3343 2089,3344 2160,3346 2231,3346 2302,3348 2373,3348 2444,3348 2515,3348 2586,3348 2657,3348 2728,3346 2800,3344"/>
                <TextEquiv>
                    <Unicode>iuniis / in castitate / in sciencia / in longanimitate</Unicode>
                </TextEquiv>
            </TextLine>
            <TextLine id="line_1706252323049_73" custom="readingOrder {index:21;}">
                <Coords points="1382,2235 2126,2235 2126,2240 2088,2242 2051,2245 2014,2246 1977,2248 1940,2248 1902,2250 1828,2250 1791,2248 1679,2248 1642,2246 1605,2246 1568,2245 1530,2244 1382,2244"/>
                <TextEquiv>
                    <Unicode>camus Ave maria</Unicode>
                </TextEquiv>
            </TextLine>
            <TextLine id="r2l22" custom="readingOrder {index:22;}">
                <Coords points="1368,3464 1438,3466 1508,3467 1578,3470 1648,3472 1719,3473 1789,3475 1859,3476 1929,3478 1999,3480 2070,3482 2140,3483 2210,3484 2280,3485 2350,3486 2421,3488 2491,3488 2561,3488 2631,3488 2701,3488 2772,3488 2772,3410 2701,3410 2631,3410 2561,3410 2491,3410 2421,3410 2350,3408 2280,3407 2210,3406 2140,3405 2070,3404 1999,3402 1929,3400 1859,3398 1789,3397 1719,3395 1648,3394 1578,3392 1508,3389 1438,3388 1368,3386"/>
                <Baseline points="1368,3438 1438,3440 1508,3441 1578,3444 1648,3446 1719,3447 1789,3449 1859,3450 1929,3452 1999,3454 2070,3456 2140,3457 2210,3458 2280,3459 2350,3460 2421,3462 2491,3462 2561,3462 2631,3462 2701,3462 2772,3462"/>
                <TextEquiv>
                    <Unicode>in suavitate in spiritu sancto / in caritate non ficta</Unicode>
                </TextEquiv>
            </TextLine>
            <TextLine id="r2l23" custom="readingOrder {index:23;}">
                <Coords points="1376,3570 1443,3572 1510,3574 1578,3578 1645,3580 1713,3581 1780,3582 1847,3584 1915,3584 1982,3586 2050,3586 2117,3588 2184,3588 2252,3590 2319,3590 2387,3591 2454,3592 2521,3594 2589,3594 2656,3596 2724,3598 2724,3525 2656,3523 2589,3521 2521,3521 2454,3519 2387,3518 2319,3517 2252,3517 2184,3515 2117,3515 2050,3513 1982,3513 1915,3511 1847,3511 1780,3509 1713,3508 1645,3507 1578,3505 1510,3501 1443,3499 1376,3497"/>
                <Baseline points="1376,3546 1443,3548 1510,3550 1578,3554 1645,3556 1713,3557 1780,3558 1847,3560 1915,3560 1982,3562 2050,3562 2117,3564 2184,3564 2252,3566 2319,3566 2387,3567 2454,3568 2521,3570 2589,3570 2656,3572 2724,3574"/>
                <TextEquiv>
                    <Unicode>in verbo veritatis / in virtute dei per</Unicode>
                </TextEquiv>
            </TextLine>
            <TextLine id="r2l24" custom="readingOrder {index:24;}">
                <Coords points="1368,3688 1435,3690 1503,3690 1570,3692 1638,3692 1706,3694 1773,3694 1841,3696 1908,3698 1976,3698 2044,3700 2111,3700 2179,3700 2246,3702 2314,3702 2381,3702 2449,3702 2517,3700 2584,3700 2652,3698 2720,3696 2720,3623 2652,3625 2584,3627 2517,3627 2449,3629 2381,3629 2314,3629 2246,3629 2179,3627 2111,3627 2044,3627 1976,3625 1908,3625 1841,3623 1773,3621 1706,3621 1638,3619 1570,3619 1503,3617 1435,3617 1368,3615"/>
                <Baseline points="1368,3664 1435,3666 1503,3666 1570,3668 1638,3668 1706,3670 1773,3670 1841,3672 1908,3674 1976,3674 2044,3676 2111,3676 2179,3676 2246,3678 2314,3678 2381,3678 2449,3678 2517,3676 2584,3676 2652,3674 2720,3672"/>
                <TextEquiv>
                    <Unicode>arma iusticie dei a dextris et a sinistris</Unicode>
                </TextEquiv>
            </TextLine>
            <TextLine id="r2l25" custom="readingOrder {index:25;}">
                <Coords points="1342,3816 1412,3812 1483,3811 1553,3810 1624,3810 1695,3810 1765,3810 1836,3810 1906,3812 1977,3813 2048,3814 2118,3815 2189,3816 2259,3816 2330,3818 2401,3818 2471,3816 2542,3816 2612,3814 2683,3812 2754,3808 2754,3730 2683,3734 2612,3736 2542,3738 2471,3738 2401,3740 2330,3740 2259,3738 2184,3682 2118,3737 2045,3691 1974,3690 1906,3734 1836,3732 1765,3732 1695,3732 1624,3732 1569,3684 1499,3685 1412,3734 1342,3738"/>
                <Baseline points="1342,3790 1412,3786 1483,3785 1553,3784 1624,3784 1695,3784 1765,3784 1836,3784 1906,3786 1977,3787 2048,3788 2118,3789 2189,3790 2259,3790 2330,3792 2401,3792 2471,3790 2542,3790 2612,3788 2683,3786 2754,3782"/>
                <TextEquiv>
                    <Unicode>per gloriam et ignobilitatem per infamiam</Unicode>
                </TextEquiv>
            </TextLine>
            <TextLine id="r2l26" custom="readingOrder {index:26;}">
                <Coords points="1356,3922 1428,3924 1500,3924 1572,3924 1644,3926 1716,3926 1788,3926 1860,3926 1932,3926 2004,3928 2076,3928 2148,3928 2220,3930 2292,3930 2364,3932 2436,3932 2508,3934 2580,3936 2652,3938 2724,3941 2796,3944 2796,3866 2724,3863 2652,3860 2580,3858 2508,3856 2436,3854 2364,3854 2292,3852 2220,3852 2148,3850 2076,3850 2004,3850 1932,3848 1860,3848 1788,3848 1716,3848 1644,3848 1572,3846 1500,3846 1428,3846 1356,3844"/>
                <Baseline points="1356,3896 1428,3898 1500,3898 1572,3898 1644,3900 1716,3900 1788,3900 1860,3900 1932,3900 2004,3902 2076,3902 2148,3902 2220,3904 2292,3904 2364,3906 2436,3906 2508,3908 2580,3910 2652,3912 2724,3915 2796,3918"/>
                <TextEquiv>
                    <Unicode>et bonam famam ut seductores et veraces</Unicode>
                </TextEquiv>
            </TextLine>
            <TextLine id="r2l27" custom="readingOrder {index:27;}">
                <Coords points="1362,4044 1432,4044 1503,4044 1574,4044 1644,4044 1715,4044 1786,4046 1856,4046 1927,4048 1998,4050 2069,4050 2139,4052 2210,4054 2281,4054 2351,4056 2422,4056 2493,4058 2563,4058 2634,4060 2705,4060 2776,4060 2776,3982 2705,3982 2634,3982 2563,3980 2493,3980 2422,3978 2351,3978 2281,3976 2210,3976 2139,3974 2069,3972 1998,3972 1927,3970 1856,3968 1786,3968 1715,3966 1644,3966 1574,3966 1503,3966 1432,3966 1362,3966"/>
                <Baseline points="1362,4018 1432,4018 1503,4018 1574,4018 1644,4018 1715,4018 1786,4020 1856,4020 1927,4022 1998,4024 2069,4024 2139,4026 2210,4028 2281,4028 2351,4030 2422,4030 2493,4032 2563,4032 2634,4034 2705,4034 2776,4034"/>
                <TextEquiv>
                    <Unicode>sicut qui ignoti et cogniti / sicut quasi mo¬</Unicode>
                </TextEquiv>
            </TextLine>
            <TextLine id="r2l28" custom="readingOrder {index:28;}">
                <Coords points="1358,4154 1425,4154 1492,4156 1559,4157 1626,4158 1694,4160 1761,4161 1828,4163 1895,4164 1962,4166 2030,4168 2097,4169 2164,4170 2231,4172 2298,4174 2366,4175 2433,4176 2500,4178 2567,4178 2634,4180 2702,4180 2702,4102 2634,4102 2567,4100 2500,4100 2433,4098 2366,4097 2298,4096 2231,4094 2164,4092 2097,4091 2030,4090 1962,4088 1895,4086 1828,4085 1761,4083 1694,4082 1626,4080 1559,4079 1492,4078 1425,4076 1358,4076"/>
                <Baseline points="1358,4128 1425,4128 1492,4130 1559,4131 1626,4132 1694,4134 1761,4135 1828,4137 1895,4138 1962,4140 2030,4142 2097,4143 2164,4144 2231,4146 2298,4148 2366,4149 2433,4150 2500,4152 2567,4152 2634,4154 2702,4154"/>
                <TextEquiv>
                    <Unicode>rientes et ecce vivimus ut castigati et</Unicode>
                </TextEquiv>
            </TextLine>
            <TextLine id="r2l29" custom="readingOrder {index:29;} sic {offset:4; length:12;correction:mortificati;}">
                <Coords points="1348,4268 1417,4268 1486,4270 1556,4270 1625,4270 1695,4272 1764,4272 1833,4274 1903,4276 1972,4278 2042,4279 2111,4280 2180,4282 2250,4284 2319,4286 2389,4288 2458,4288 2527,4290 2597,4292 2666,4292 2736,4294 2736,4216 2666,4214 2597,4214 2527,4212 2458,4210 2389,4210 2319,4208 2250,4206 2180,4204 2111,4202 2042,4201 1972,4200 1903,4198 1833,4196 1764,4194 1695,4194 1625,4192 1556,4192 1486,4192 1417,4190 1348,4190"/>
                <Baseline points="1348,4242 1417,4242 1486,4244 1556,4244 1625,4244 1695,4246 1764,4246 1833,4248 1903,4250 1972,4252 2042,4253 2111,4254 2180,4256 2250,4258 2319,4260 2389,4262 2458,4262 2527,4264 2597,4266 2666,4266 2736,4268"/>
                <TextEquiv>
                    <Unicode>non mortifficati quasi tristes semper</Unicode>
                </TextEquiv>
            </TextLine>
            <TextLine id="r2l30" custom="readingOrder {index:30;}">
                <Coords points="1340,4382 1411,4382 1482,4382 1553,4382 1624,4382 1695,4384 1766,4385 1837,4386 1908,4388 1979,4390 2050,4392 2121,4394 2192,4396 2263,4398 2334,4400 2405,4402 2476,4404 2547,4406 2618,4408 2689,4408 2760,4410 2760,4332 2689,4330 2618,4330 2547,4328 2476,4326 2405,4324 2334,4322 2263,4320 2192,4318 2121,4316 2050,4314 1979,4312 1908,4310 1837,4308 1766,4307 1695,4306 1624,4304 1553,4304 1482,4304 1411,4304 1340,4304"/>
                <Baseline points="1340,4356 1411,4356 1482,4356 1553,4356 1624,4356 1695,4358 1766,4359 1837,4360 1908,4362 1979,4364 2050,4366 2121,4368 2192,4370 2263,4372 2334,4374 2405,4376 2476,4378 2547,4380 2618,4382 2689,4382 2760,4384"/>
                <TextEquiv>
                    <Unicode>autem gaudentes / sicut egentes multos</Unicode>
                </TextEquiv>
            </TextLine>
            <TextLine id="r2l31" custom="readingOrder {index:31;}">
                <Coords points="1352,4496 1419,4496 1486,4494 1553,4494 1620,4494 1687,4496 1754,4496 1821,4498 1888,4499 1955,4500 2023,4502 2090,4504 2157,4506 2224,4508 2291,4510 2358,4512 2425,4514 2492,4516 2559,4518 2626,4520 2694,4522 2694,4444 2626,4442 2559,4440 2492,4438 2425,4436 2358,4434 2291,4432 2224,4430 2157,4428 2090,4426 2023,4424 1955,4422 1888,4421 1821,4420 1754,4418 1687,4418 1620,4416 1553,4416 1486,4416 1419,4418 1352,4418"/>
                <Baseline points="1352,4470 1419,4470 1486,4468 1553,4468 1620,4468 1687,4470 1754,4470 1821,4472 1888,4473 1955,4474 2023,4476 2090,4478 2157,4480 2224,4482 2291,4484 2358,4486 2425,4488 2492,4490 2559,4492 2626,4494 2694,4496"/>
                <TextEquiv>
                    <Unicode>autem locupletantes / tamquam nichil habentes</Unicode>
                </TextEquiv>
            </TextLine>
            <TextLine id="r2l32" custom="readingOrder {index:32;}">
                <Coords points="1364,4598 1433,4600 1502,4604 1571,4606 1640,4609 1709,4612 1778,4612 1847,4614 1916,4616 1985,4616 2054,4618 2123,4618 2192,4620 2261,4620 2330,4622 2399,4622 2468,4624 2537,4626 2606,4628 2675,4629 2744,4632 2744,4554 2675,4551 2606,4550 2537,4548 2468,4546 2399,4544 2330,4544 2261,4542 2192,4542 2123,4540 2054,4540 1985,4538 1916,4538 1847,4536 1778,4534 1709,4534 1640,4531 1571,4528 1502,4526 1433,4522 1364,4520"/>
                <Baseline points="1364,4572 1433,4574 1502,4578 1571,4580 1640,4583 1709,4586 1778,4586 1847,4588 1916,4590 1985,4590 2054,4592 2123,4592 2192,4594 2261,4594 2330,4596 2399,4596 2468,4598 2537,4600 2606,4602 2675,4603 2744,4606"/>
                <TextEquiv>
                    <Unicode>et omnia possidentes / secunda ad corinthios capitulo</Unicode>
                </TextEquiv>
            </TextLine>
            <TextLine id="r2l33" custom="readingOrder {index:33;} textStyle {offset:1; length:2;superscript:true;}">
                <Coords points="1364,4706 1432,4711 1501,4716 1569,4718 1638,4721 1706,4724 1775,4726 1843,4727 1912,4728 1980,4730 2049,4730 2117,4732 2186,4732 2254,4734 2323,4736 2391,4738 2460,4740 2528,4743 2597,4745 2665,4750 2734,4754 2734,4676 2665,4672 2597,4667 2528,4665 2460,4662 2391,4660 2323,4658 2254,4656 2186,4654 2117,4654 2049,4652 1980,4652 1912,4650 1843,4649 1775,4648 1706,4646 1638,4643 1569,4640 1501,4638 1432,4633 1364,4628"/>
                <Baseline points="1364,4680 1432,4685 1501,4690 1569,4692 1638,4695 1706,4698 1775,4700 1843,4701 1912,4702 1980,4704 2049,4704 2117,4706 2186,4706 2254,4708 2323,4710 2391,4712 2460,4714 2528,4717 2597,4719 2665,4724 2734,4728"/>
                <TextEquiv>
                    <Unicode>6to et quia homo debet habere dei graciam</Unicode>
                </TextEquiv>
            </TextLine>
            <TextLine id="line_1671223122472_319" custom="readingOrder {index:34;}">
                <Coords points="1348,4746 1413,4747 1479,4748 1545,4750 1611,4752 1677,4754 1743,4756 1809,4758 1875,4761 1941,4765 2007,4768 2072,4771 2122,4773 2122,4842 2072,4840 2007,4837 1941,4834 1875,4830 1809,4827 1743,4825 1677,4823 1611,4821 1545,4819 1479,4817 1413,4816 1348,4815"/>
                <Baseline points="1348,4792 1413,4793 1479,4794 1545,4796 1611,4798 1677,4800 1743,4802 1809,4804 1875,4807 1941,4811 2007,4814 2072,4817 2122,4819"/>
                <TextEquiv>
                    <Unicode>ad meritum et eandem</Unicode>
                </TextEquiv>
            </TextLine>
            <TextLine id="line_1671223122472_318" custom="readingOrder {index:35;} structure {type:heading;}">
                <Coords points="2122,4773 2138,4774 2204,4777 2270,4779 2336,4782 2402,4783 2468,4785 2534,4787 2600,4788 2666,4788 2666,4857 2600,4857 2534,4856 2468,4854 2402,4852 2336,4851 2270,4848 2204,4846 2138,4843 2122,4842"/>
                <Baseline points="2122,4819 2138,4820 2204,4823 2270,4825 2336,4828 2402,4829 2468,4831 2534,4833 2600,4834 2666,4834"/>
                <TextEquiv>
                    <Unicode>Expositio Epistole</Unicode>
                </TextEquiv>
            </TextLine>
            <TextLine id="r2l35" custom="readingOrder {index:36;}">
                <Coords points="1344,4906 1415,4911 1486,4913 1558,4917 1629,4920 1701,4923 1772,4926 1843,4928 1915,4932 1986,4933 2058,4936 2129,4938 2200,4940 2272,4941 2343,4942 2415,4944 2486,4946 2557,4946 2629,4948 2700,4948 2772,4950 2772,4883 2700,4881 2629,4881 2557,4879 2486,4879 2415,4877 2343,4875 2272,4874 2200,4873 2129,4871 2058,4869 1986,4866 1915,4865 1843,4861 1772,4859 1701,4856 1629,4853 1558,4850 1486,4846 1415,4844 1344,4839"/>
                <Baseline points="1344,4884 1415,4889 1486,4891 1558,4895 1629,4898 1701,4901 1772,4904 1843,4906 1915,4910 1986,4911 2058,4914 2129,4916 2200,4918 2272,4919 2343,4920 2415,4922 2486,4924 2557,4924 2629,4926 2700,4926 2772,4928"/>
                <TextEquiv>
                    <Unicode>ostendere ad exemplum conservare ad premium</Unicode>
                </TextEquiv>
            </TextLine>
            <TextLine id="r2l36" custom="readingOrder {index:37;} unclear {offset:19; length:10;}">
                <Coords points="1364,5015 1431,5017 1499,5020 1566,5023 1634,5025 1701,5029 1769,5032 1836,5034 1904,5037 1971,5040 2039,5041 2106,5045 2174,5047 2241,5049 2309,5051 2376,5053 2444,5055 2511,5057 2579,5059 2646,5061 2714,5061 2714,4986 2646,4986 2579,4984 2511,4982 2444,4980 2376,4978 2309,4976 2241,4974 2174,4972 2106,4970 2039,4966 1971,4965 1904,4962 1836,4959 1769,4957 1701,4954 1634,4950 1566,4948 1499,4945 1431,4942 1364,4940"/>
                <Baseline points="1364,4990 1431,4992 1499,4995 1566,4998 1634,5000 1701,5004 1769,5007 1836,5009 1904,5012 1971,5015 2039,5016 2106,5020 2174,5022 2241,5024 2309,5026 2376,5028 2444,5030 2511,5032 2579,5034 2646,5036 2714,5036"/>
                <TextEquiv>
                    <Unicode>et multiplicare ad ulteriorem in gracia</Unicode>
                </TextEquiv>
            </TextLine>
            <TextLine id="r2l37" custom="readingOrder {index:38;}">
                <Coords points="1348,5128 1415,5130 1482,5132 1549,5134 1616,5136 1683,5138 1750,5140 1817,5142 1884,5142 1951,5145 2019,5146 2086,5148 2153,5150 2220,5152 2287,5152 2354,5154 2421,5154 2488,5154 2555,5154 2622,5154 2690,5154 2690,5087 2622,5087 2555,5087 2488,5087 2421,5087 2354,5087 2287,5085 2220,5085 2153,5083 2086,5081 2019,5079 1951,5078 1884,5075 1817,5075 1750,5073 1683,5071 1616,5069 1549,5067 1482,5065 1415,5063 1348,5061"/>
                <Baseline points="1348,5106 1415,5108 1482,5110 1549,5112 1616,5114 1683,5116 1750,5118 1817,5120 1884,5120 1951,5123 2019,5124 2086,5126 2153,5128 2220,5130 2287,5130 2354,5132 2421,5132 2488,5132 2555,5132 2622,5132 2690,5132"/>
                <TextEquiv>
                    <Unicode>profectum / quando est tempus et locus sicut est in</Unicode>
                </TextEquiv>
            </TextLine>
            <TextLine id="r2l38" custom="readingOrder {index:39;}">
                <Coords points="1320,5214 1392,5218 1465,5221 1537,5225 1610,5228 1683,5231 1755,5232 1828,5234 1900,5236 1973,5238 2046,5238 2118,5240 2191,5240 2263,5242 2336,5243 2409,5244 2481,5246 2554,5248 2626,5250 2699,5254 2772,5258 2772,5191 2699,5187 2626,5183 2554,5181 2481,5179 2409,5177 2336,5176 2263,5175 2191,5173 2118,5173 2046,5171 1973,5171 1900,5169 1828,5167 1755,5165 1683,5164 1610,5161 1537,5158 1465,5154 1392,5151 1320,5147"/>
                <Baseline points="1320,5192 1392,5196 1465,5199 1537,5203 1610,5206 1683,5209 1755,5210 1828,5212 1900,5214 1973,5216 2046,5216 2118,5218 2191,5218 2263,5220 2336,5221 2409,5222 2481,5224 2554,5226 2626,5228 2699,5232 2772,5236"/>
                <TextEquiv>
                    <Unicode>isto tempore penitencie in quo consequimur remis¬</Unicode>
                </TextEquiv>
            </TextLine>
            <TextEquiv>
                <Unicode>et nichil eis remittitur Ignis eorum non&#13;
extinguetur / Vermis eorum non morietur&#13;
Ysaie ultimo 2o propter collacionem donorum et&#13;
gracie ut in principio presentis Epistole hortamur etc.&#13;
3o propter collacionem adiutorii / quia misericordia domini&#13;
plena est terra / et sic tempore amplius 4to&#13;
quia per hoc appropinquamus nostro ultimo fini&#13;
et termino scilicet regno celorum secundum illud luce 3o&#13;
Penitenciam agite appropinquabit regnum celorum&#13;
de quibus amplius in Epistola pro gracia di¬&#13;
camus Ave maria&#13;
oratmur vos ne in vacuum graciam&#13;
dei recipiatis Ait enim tempore&#13;
accepto exaudivi te / et in&#13;
die salutis adiuvi te Ecce nunc tempus&#13;
acceptabile ecce nunc dies salutis nemini&#13;
dantes ullam offensionem / ut non vituperetur&#13;
misterium nostrum / sed in omnibus exhibeamus&#13;
nosmetipsos sicut dei ministros in multa &#13;
paciencia / in tribulacionibus in vigiilis in ie¬&#13;
iuniis / in castitate / in sciencia / in longanimitate&#13;
camus Ave maria&#13;
in suavitate in spiritu sancto / in caritate non ficta&#13;
in verbo veritatis / in virtute dei per&#13;
arma iusticie dei a dextris et a sinistris&#13;
per gloriam et ignobilitatem per infamiam&#13;
et bonam famam ut seductores et veraces&#13;
sicut qui ignoti et cogniti / sicut quasi mo¬&#13;
rientes et ecce vivimus ut castigati et&#13;
non mortifficati quasi tristes semper&#13;
autem gaudentes / sicut egentes multos&#13;
autem locupletantes / tamquam nichil habentes&#13;
et omnia possidentes / secunda ad corinthios capitulo&#13;
6to et quia homo debet habere dei graciam&#13;
ad meritum et eandem&#13;
Expositio Epistole&#13;
ostendere ad exemplum conservare ad premium&#13;
et multiplicare ad ulteriorem in gracia&#13;
profectum / quando est tempus et locus sicut est in&#13;
isto tempore penitencie in quo consequimur remis¬</Unicode>
            </TextEquiv>
        </TextRegion>
        <TextRegion type="drop-capital" id="region_1706252300572_64" custom="readingOrder {index:1;} structure {type:drop-capital;}">
            <Coords points="1353,2218 1739,2218 1739,2586 1353,2586"/>
        </TextRegion>
        <TextRegion orientation="0.0" id="r3" custom="readingOrder {index:2;}">
            <Coords points="3056,1071 3056,5280 4496,5280 4496,1071"/>
            <TextLine id="r3l1" custom="readingOrder {index:0;}">
                <Coords points="3144,1150 3211,1154 3278,1156 3345,1158 3413,1160 3480,1162 3547,1162 3615,1164 3682,1164 3749,1164 3817,1164 3884,1166 3951,1166 4018,1166 4086,1168 4153,1170 4220,1172 4288,1174 4355,1177 4422,1180 4490,1186 4490,1107 4422,1101 4355,1098 4288,1095 4220,1093 4153,1091 4086,1089 4018,1087 3951,1087 3884,1087 3817,1085 3749,1085 3682,1085 3615,1085 3547,1083 3480,1083 3413,1081 3345,1079 3278,1077 3211,1075 3144,1071"/>
                <Baseline points="3144,1124 3211,1128 3278,1130 3345,1132 3413,1134 3480,1136 3547,1136 3615,1138 3682,1138 3749,1138 3817,1138 3884,1140 3951,1140 4018,1140 4086,1142 4153,1144 4220,1146 4288,1148 4355,1151 4422,1154 4490,1160"/>
                <TextEquiv>
                    <Unicode>sionem peccatorum perpetratorum / per totum annum</Unicode>
                </TextEquiv>
            </TextLine>
            <TextLine id="r3l2" custom="readingOrder {index:1;}">
                <Coords points="3154,1262 3218,1264 3282,1266 3346,1268 3410,1270 3475,1272 3539,1274 3603,1274 3667,1276 3731,1276 3796,1278 3860,1280 3924,1280 3988,1282 4052,1282 4117,1284 4181,1286 4245,1288 4309,1289 4373,1292 4438,1294 4438,1215 4373,1213 4309,1210 4245,1209 4181,1207 4117,1205 4052,1203 3988,1203 3924,1201 3860,1201 3796,1199 3731,1197 3667,1197 3603,1195 3539,1195 3475,1193 3410,1191 3346,1189 3282,1187 3218,1185 3154,1183"/>
                <Baseline points="3154,1236 3218,1238 3282,1240 3346,1242 3410,1244 3475,1246 3539,1248 3603,1248 3667,1250 3731,1250 3796,1252 3860,1254 3924,1254 3988,1256 4052,1256 4117,1258 4181,1260 4245,1262 4309,1263 4373,1266 4438,1268"/>
                <TextEquiv>
                    <Unicode>ad quam nos hortatur apostulus dicens</Unicode>
                </TextEquiv>
            </TextLine>
            <TextLine id="r3l3" custom="readingOrder {index:2;}">
                <Coords points="3144,1382 3210,1382 3277,1382 3344,1384 3411,1384 3478,1386 3544,1387 3611,1388 3678,1390 3745,1392 3812,1393 3878,1395 3945,1396 4012,1399 4079,1400 4146,1402 4212,1404 4279,1406 4346,1408 4413,1410 4480,1410 4480,1331 4413,1331 4346,1329 4279,1327 4212,1325 4146,1323 4079,1321 4012,1320 3932,1271 3865,1270 3812,1314 3745,1313 3678,1311 3611,1309 3544,1308 3478,1307 3411,1305 3344,1305 3277,1303 3210,1303 3144,1303"/>
                <Baseline points="3144,1356 3210,1356 3277,1356 3344,1358 3411,1358 3478,1360 3544,1361 3611,1362 3678,1364 3745,1366 3812,1367 3878,1369 3945,1370 4012,1373 4079,1374 4146,1376 4212,1378 4279,1380 4346,1382 4413,1384 4480,1384"/>
                <TextEquiv>
                    <Unicode>Hortamur vos quasi diceret in persona sacer¬</Unicode>
                </TextEquiv>
            </TextLine>
            <TextLine id="r3l4" custom="readingOrder {index:3;}">
                <Coords points="3130,1498 3194,1498 3259,1498 3323,1500 3388,1500 3453,1500 3517,1502 3582,1502 3646,1503 3711,1504 3776,1505 3840,1506 3905,1508 3969,1508 4034,1510 4098,1512 4163,1514 4228,1516 4292,1518 4357,1520 4422,1522 4422,1443 4357,1441 4292,1439 4228,1437 4163,1435 4098,1433 4034,1431 3969,1429 3905,1429 3840,1427 3776,1426 3711,1425 3646,1424 3582,1423 3517,1423 3453,1421 3388,1421 3323,1421 3259,1419 3194,1419 3130,1419"/>
                <Baseline points="3130,1472 3194,1472 3259,1472 3323,1474 3388,1474 3453,1474 3517,1476 3582,1476 3646,1477 3711,1478 3776,1479 3840,1480 3905,1482 3969,1482 4034,1484 4098,1486 4163,1488 4228,1490 4292,1492 4357,1494 4422,1496"/>
                <TextEquiv>
                    <Unicode>dotum / quia sumus ministri dei mandata</Unicode>
                </TextEquiv>
            </TextLine>
            <TextLine id="r3l5" custom="readingOrder {index:4;}">
                <Coords points="3140,1602 3205,1607 3271,1610 3337,1612 3403,1614 3469,1616 3534,1618 3600,1620 3666,1622 3732,1623 3798,1624 3863,1626 3929,1626 3995,1628 4061,1630 4127,1630 4192,1632 4258,1634 4324,1634 4390,1636 4456,1638 4456,1559 4390,1557 4324,1555 4258,1555 4192,1553 4127,1551 4061,1551 3995,1549 3929,1547 3863,1547 3798,1545 3732,1544 3666,1543 3600,1541 3534,1539 3469,1537 3403,1535 3337,1533 3271,1531 3205,1528 3140,1523"/>
                <Baseline points="3140,1576 3205,1581 3271,1584 3337,1586 3403,1588 3469,1590 3534,1592 3600,1594 3666,1596 3732,1597 3798,1598 3863,1600 3929,1600 3995,1602 4061,1604 4127,1604 4192,1606 4258,1608 4324,1608 4390,1610 4456,1612"/>
                <TextEquiv>
                    <Unicode>eius exequendo igitur hortamur vos</Unicode>
                </TextEquiv>
            </TextLine>
            <TextLine id="r3l6" custom="readingOrder {index:5;}">
                <Coords points="3144,1716 3206,1720 3268,1724 3331,1728 3393,1731 3456,1734 3518,1736 3580,1738 3643,1740 3705,1742 3768,1742 3830,1744 3892,1744 3955,1744 4017,1746 4080,1746 4142,1746 4204,1746 4267,1746 4329,1746 4392,1746 4392,1667 4329,1667 4267,1667 4204,1667 4142,1667 4080,1667 4017,1667 3955,1665 3892,1665 3830,1665 3768,1663 3705,1663 3643,1661 3580,1659 3518,1657 3456,1655 3393,1652 3331,1649 3268,1645 3206,1641 3144,1637"/>
                <Baseline points="3144,1690 3206,1694 3268,1698 3331,1702 3393,1705 3456,1708 3518,1710 3580,1712 3643,1714 3705,1716 3768,1716 3830,1718 3892,1718 3955,1718 4017,1720 4080,1720 4142,1720 4204,1720 4267,1720 4329,1720 4392,1720"/>
                <TextEquiv>
                    <Unicode>verbo exemplo et suffragio oracionis ne</Unicode>
                </TextEquiv>
            </TextLine>
            <TextLine id="r3l7" custom="readingOrder {index:6;}">
                <Coords points="3122,1838 3184,1842 3247,1845 3310,1848 3373,1850 3436,1852 3498,1853 3561,1854 3624,1854 3687,1854 3750,1856 3812,1854 3875,1854 3938,1854 4001,1854 4064,1854 4126,1852 4189,1852 4252,1852 4315,1852 4378,1852 4378,1773 4315,1773 4252,1773 4189,1773 4126,1773 4064,1775 4001,1775 3938,1775 3875,1775 3812,1775 3750,1777 3687,1775 3624,1775 3561,1775 3498,1774 3436,1773 3373,1771 3310,1769 3247,1766 3184,1763 3122,1759"/>
                <Baseline points="3122,1812 3184,1816 3247,1819 3310,1822 3373,1824 3436,1826 3498,1827 3561,1828 3624,1828 3687,1828 3750,1830 3812,1828 3875,1828 3938,1828 4001,1828 4064,1828 4126,1826 4189,1826 4252,1826 4315,1826 4378,1826"/>
                <TextEquiv>
                    <Unicode>in vacuum graciam dei recipiatis id est</Unicode>
                </TextEquiv>
            </TextLine>
            <TextLine id="r3l8" custom="readingOrder {index:7;}">
                <Coords points="3120,1954 3186,1957 3252,1960 3319,1962 3385,1965 3452,1968 3518,1968 3584,1970 3651,1971 3717,1972 3784,1972 3850,1972 3916,1972 3983,1972 4049,1972 4116,1972 4182,1972 4248,1972 4315,1972 4381,1970 4448,1970 4448,1891 4381,1891 4315,1893 4248,1893 4182,1893 4116,1893 4049,1893 3983,1893 3916,1893 3850,1893 3784,1893 3717,1893 3651,1892 3584,1891 3518,1889 3452,1889 3385,1886 3319,1883 3252,1881 3186,1878 3120,1875"/>
                <Baseline points="3120,1928 3186,1931 3252,1934 3319,1936 3385,1939 3452,1942 3518,1942 3584,1944 3651,1945 3717,1946 3784,1946 3850,1946 3916,1946 3983,1946 4049,1946 4116,1946 4182,1946 4248,1946 4315,1946 4381,1944 4448,1944"/>
                <TextEquiv>
                    <Unicode>remissionem peccatorum que iam vobis facta</Unicode>
                </TextEquiv>
            </TextLine>
            <TextLine id="r3l9" custom="readingOrder {index:8;}">
                <Coords points="3124,2075 3190,2073 3256,2074 3322,2075 3388,2075 3454,2077 3520,2077 3586,2079 3652,2081 3718,2082 3784,2083 3850,2085 3916,2087 3982,2087 4048,2087 4114,2089 4180,2089 4246,2089 4312,2087 4378,2086 4444,2085 4444,2009 4378,2010 4312,2011 4246,2013 4180,2013 4114,2013 4048,2011 3982,2011 3916,2011 3850,2009 3784,2007 3718,2006 3652,2005 3586,2003 3520,2001 3454,2001 3388,1999 3322,1999 3256,1998 3190,1997 3124,1999"/>
                <Baseline points="3124,2050 3190,2048 3256,2049 3322,2050 3388,2050 3454,2052 3520,2052 3586,2054 3652,2056 3718,2057 3784,2058 3850,2060 3916,2062 3982,2062 4048,2062 4114,2064 4180,2064 4246,2064 4312,2062 4378,2061 4444,2060"/>
                <TextEquiv>
                    <Unicode>est vel fiet que est ex gracia dei pura</Unicode>
                </TextEquiv>
            </TextLine>
            <TextLine id="r3l10" custom="readingOrder {index:9;}">
                <Coords points="3124,2179 3187,2181 3250,2182 3313,2183 3376,2185 3440,2188 3503,2190 3566,2193 3629,2195 3692,2197 3756,2199 3819,2202 3882,2203 3945,2206 4008,2207 4072,2208 4135,2209 4198,2209 4261,2209 4324,2208 4388,2207 4388,2131 4324,2132 4261,2133 4198,2133 4135,2133 4072,2132 4008,2131 3945,2130 3882,2127 3819,2126 3756,2123 3692,2121 3629,2119 3566,2117 3503,2114 3440,2112 3376,2109 3313,2107 3250,2106 3187,2105 3124,2103"/>
                <Baseline points="3124,2154 3187,2156 3250,2157 3313,2158 3376,2160 3440,2163 3503,2165 3566,2168 3629,2170 3692,2172 3756,2174 3819,2177 3882,2178 3945,2181 4008,2182 4072,2183 4135,2184 4198,2184 4261,2184 4324,2183 4388,2182"/>
                <TextEquiv>
                    <Unicode>et non ex nostris operibus / que gracia ut</Unicode>
                </TextEquiv>
            </TextLine>
            <TextLine id="r3l11" custom="readingOrder {index:10;}">
                <Coords points="3108,2296 3173,2296 3239,2297 3305,2298 3370,2298 3436,2300 3502,2302 3567,2302 3633,2304 3699,2306 3765,2308 3830,2310 3896,2311 3962,2314 4027,2316 4093,2318 4159,2320 4224,2322 4290,2324 4356,2326 4422,2330 4422,2251 4356,2247 4290,2245 4224,2243 4159,2241 4093,2239 4027,2237 3962,2235 3896,2232 3830,2231 3765,2229 3699,2227 3633,2225 3567,2223 3502,2223 3436,2221 3370,2219 3305,2219 3239,2218 3173,2217 3108,2217"/>
                <Baseline points="3108,2270 3173,2270 3239,2271 3305,2272 3370,2272 3436,2274 3502,2276 3567,2276 3633,2278 3699,2280 3765,2282 3830,2284 3896,2285 3962,2288 4027,2290 4093,2292 4159,2294 4224,2296 4290,2298 4356,2300 4422,2304"/>
                <TextEquiv>
                    <Unicode>dicit glosa tunc in vacuum recipitur / quando</Unicode>
                </TextEquiv>
            </TextLine>
            <TextLine id="r3l12" custom="readingOrder {index:11;}">
                <Coords points="3110,2412 3177,2414 3244,2414 3311,2414 3378,2416 3445,2417 3512,2418 3579,2420 3646,2422 3713,2424 3780,2424 3847,2426 3914,2428 3981,2430 4048,2432 4115,2434 4182,2436 4249,2438 4316,2439 4383,2441 4450,2442 4450,2363 4383,2362 4316,2360 4249,2359 4182,2357 4115,2355 4048,2353 3981,2351 3914,2349 3847,2347 3780,2345 3713,2345 3646,2343 3579,2341 3512,2339 3445,2338 3378,2337 3311,2335 3244,2335 3177,2335 3110,2333"/>
                <Baseline points="3110,2386 3177,2388 3244,2388 3311,2388 3378,2390 3445,2391 3512,2392 3579,2394 3646,2396 3713,2398 3780,2398 3847,2400 3914,2402 3981,2404 4048,2406 4115,2408 4182,2410 4249,2412 4316,2413 4383,2415 4450,2416"/>
                <TextEquiv>
                    <Unicode>homo post peccatorum remissionem seu di¬</Unicode>
                </TextEquiv>
            </TextLine>
            <TextLine id="r3l13" custom="readingOrder {index:12;}">
                <Coords points="3128,2526 3193,2528 3259,2530 3325,2532 3390,2534 3456,2535 3522,2536 3587,2537 3653,2538 3719,2538 3785,2540 3850,2540 3916,2541 3982,2542 4047,2544 4113,2544 4179,2546 4244,2550 4310,2552 4376,2554 4442,2558 4442,2479 4376,2475 4310,2473 4244,2471 4179,2467 4113,2465 4047,2465 3982,2463 3916,2462 3850,2461 3785,2461 3719,2459 3653,2459 3587,2458 3522,2457 3456,2456 3390,2455 3325,2453 3259,2451 3193,2449 3128,2447"/>
                <Baseline points="3128,2500 3193,2502 3259,2504 3325,2506 3390,2508 3456,2509 3522,2510 3587,2511 3653,2512 3719,2512 3785,2514 3850,2514 3916,2515 3982,2516 4047,2518 4113,2518 4179,2520 4244,2524 4310,2526 4376,2528 4442,2532"/>
                <TextEquiv>
                    <Unicode>missionem / se non exercet in bonis ac¬</Unicode>
                </TextEquiv>
            </TextLine>
            <TextLine id="r3l14" custom="readingOrder {index:13;}">
                <Coords points="3124,2644 3188,2646 3252,2649 3316,2650 3380,2653 3444,2654 3508,2656 3572,2657 3636,2658 3700,2660 3764,2660 3828,2662 3892,2662 3956,2664 4020,2664 4084,2666 4148,2666 4212,2668 4276,2669 4340,2670 4404,2672 4404,2593 4340,2591 4276,2590 4212,2589 4148,2587 4084,2587 4020,2585 3956,2585 3892,2583 3828,2583 3764,2581 3700,2581 3636,2579 3572,2578 3508,2577 3444,2575 3380,2574 3316,2571 3252,2570 3188,2567 3124,2565"/>
                <Baseline points="3124,2618 3188,2620 3252,2623 3316,2624 3380,2627 3444,2628 3508,2630 3572,2631 3636,2632 3700,2634 3764,2634 3828,2636 3892,2636 3956,2638 4020,2638 4084,2640 4148,2640 4212,2642 4276,2643 4340,2644 4404,2646"/>
                <TextEquiv>
                    <Unicode>tibus et operibus / et hoc intelligitur</Unicode>
                </TextEquiv>
            </TextLine>
            <TextLine id="r3l15" custom="readingOrder {index:14;}">
                <Coords points="3090,2764 3156,2766 3222,2768 3288,2768 3354,2770 3420,2770 3486,2772 3552,2772 3618,2773 3684,2774 3751,2774 3817,2776 3883,2776 3949,2778 4015,2778 4081,2778 4147,2779 4213,2780 4279,2780 4345,2780 4412,2780 4412,2701 4345,2701 4279,2701 4213,2701 4147,2700 4081,2699 4015,2699 3949,2699 3883,2697 3817,2697 3751,2695 3684,2695 3618,2694 3552,2693 3486,2693 3420,2691 3354,2691 3288,2689 3222,2689 3156,2687 3090,2685"/>
                <Baseline points="3090,2738 3156,2740 3222,2742 3288,2742 3354,2744 3420,2744 3486,2746 3552,2746 3618,2747 3684,2748 3751,2748 3817,2750 3883,2750 3949,2752 4015,2752 4081,2752 4147,2753 4213,2754 4279,2754 4345,2754 4412,2754"/>
                <TextEquiv>
                    <Unicode>quando est tempus et locus secundum dictamen</Unicode>
                </TextEquiv>
            </TextLine>
            <TextLine id="r3l16" custom="readingOrder {index:15;}">
                <Coords points="3108,2884 3175,2886 3242,2886 3309,2888 3376,2888 3443,2890 3510,2890 3577,2892 3644,2892 3711,2893 3779,2894 3846,2896 3913,2896 3980,2896 4047,2898 4114,2898 4181,2900 4248,2900 4315,2902 4382,2902 4450,2902 4450,2823 4382,2823 4315,2823 4248,2821 4181,2821 4114,2819 4047,2819 3980,2817 3913,2817 3846,2817 3777,2769 3709,2768 3644,2813 3577,2813 3510,2811 3443,2811 3386,2773 3319,2773 3251,2758 3184,2758 3108,2805"/>
                <Baseline points="3108,2858 3175,2860 3242,2860 3309,2862 3376,2862 3443,2864 3510,2864 3577,2866 3644,2866 3711,2867 3779,2868 3846,2870 3913,2870 3980,2870 4047,2872 4114,2872 4181,2874 4248,2874 4315,2876 4382,2876 4450,2876"/>
                <TextEquiv>
                    <Unicode>recte racionis et non est sic intelligendum</Unicode>
                </TextEquiv>
            </TextLine>
            <TextLine id="r3l17" custom="readingOrder {index:16;}">
                <Coords points="3108,3002 3174,3000 3240,2999 3306,2998 3373,2998 3439,2998 3505,2998 3572,3000 3638,3001 3704,3002 3771,3004 3837,3006 3903,3008 3969,3009 4036,3012 4102,3013 4168,3016 4235,3018 4301,3019 4367,3021 4434,3022 4434,2949 4367,2948 4301,2946 4235,2945 4168,2943 4102,2940 4036,2939 3969,2936 3903,2935 3863,2884 3797,2882 3704,2929 3638,2928 3572,2927 3505,2925 3439,2925 3373,2925 3306,2925 3240,2926 3174,2927 3108,2929"/>
                <Baseline points="3108,2978 3174,2976 3240,2975 3306,2974 3373,2974 3439,2974 3505,2974 3572,2976 3638,2977 3704,2978 3771,2980 3837,2982 3903,2984 3969,2985 4036,2988 4102,2989 4168,2992 4235,2994 4301,2995 4367,2997 4434,2998"/>
                <TextEquiv>
                    <Unicode>quod qui in fine penitet / et alias per</Unicode>
                </TextEquiv>
            </TextLine>
            <TextLine id="r3l18" custom="readingOrder {index:17;}">
                <Coords points="3108,3102 3172,3104 3237,3106 3301,3108 3366,3111 3431,3113 3495,3116 3560,3118 3624,3120 3689,3122 3754,3124 3818,3126 3883,3128 3947,3130 4012,3131 4076,3132 4141,3132 4206,3132 4270,3132 4335,3130 4400,3128 4400,3055 4335,3057 4270,3059 4206,3059 4141,3059 4076,3059 4012,3058 3947,3057 3883,3055 3818,3053 3754,3051 3689,3049 3624,3047 3560,3045 3495,3043 3431,3040 3366,3038 3301,3035 3237,3033 3172,3031 3108,3029"/>
                <Baseline points="3108,3078 3172,3080 3237,3082 3301,3084 3366,3087 3431,3089 3495,3092 3560,3094 3624,3096 3689,3098 3754,3100 3818,3102 3883,3104 3947,3106 4012,3107 4076,3108 4141,3108 4206,3108 4270,3108 4335,3106 4400,3104"/>
                <TextEquiv>
                    <Unicode>totum tempus vite sue se non exercuit</Unicode>
                </TextEquiv>
            </TextLine>
            <TextLine id="r3l19" custom="readingOrder {index:18;}">
                <Coords points="3098,3228 3161,3228 3225,3228 3289,3228 3353,3229 3417,3230 3480,3232 3544,3233 3608,3234 3672,3236 3736,3239 3799,3240 3863,3242 3927,3244 3991,3244 4055,3246 4118,3246 4182,3246 4246,3246 4310,3244 4374,3242 4374,3163 4310,3165 4246,3167 4182,3167 4118,3167 4055,3167 3991,3165 3927,3165 3863,3163 3799,3161 3736,3160 3672,3157 3608,3155 3544,3154 3480,3153 3417,3151 3353,3150 3289,3149 3225,3149 3161,3149 3098,3149"/>
                <Baseline points="3098,3202 3161,3202 3225,3202 3289,3202 3353,3203 3417,3204 3480,3206 3544,3207 3608,3208 3672,3210 3736,3213 3799,3214 3863,3216 3927,3218 3991,3218 4055,3220 4118,3220 4182,3220 4246,3220 4310,3218 4374,3216"/>
                <TextEquiv>
                    <Unicode>quod propter hoc sua penitentia non acceptetur</Unicode>
                </TextEquiv>
            </TextLine>
            <TextLine id="r3l20" custom="readingOrder {index:19;}">
                <Coords points="3112,3346 3175,3344 3239,3342 3303,3342 3367,3342 3431,3342 3494,3344 3558,3346 3622,3348 3686,3350 3750,3352 3813,3354 3877,3356 3941,3358 4005,3358 4069,3358 4132,3358 4196,3356 4260,3353 4324,3348 4388,3342 4388,3263 4324,3269 4260,3274 4196,3277 4132,3279 4069,3279 4005,3279 3941,3279 3877,3277 3813,3275 3750,3273 3686,3271 3622,3269 3558,3267 3494,3265 3431,3263 3367,3263 3303,3263 3239,3263 3175,3265 3112,3267"/>
                <Baseline points="3112,3320 3175,3318 3239,3316 3303,3316 3367,3316 3431,3316 3494,3318 3558,3320 3622,3322 3686,3324 3750,3326 3813,3328 3877,3330 3941,3332 4005,3332 4069,3332 4132,3332 4196,3330 4260,3327 4324,3322 4388,3316"/>
                <TextEquiv>
                    <Unicode>a deo / et ideo allegat tempus oportunum</Unicode>
                </TextEquiv>
            </TextLine>
            <TextLine id="r3l21" custom="readingOrder {index:20;}">
                <Coords points="3094,3456 3164,3455 3234,3454 3304,3454 3374,3454 3444,3456 3514,3458 3584,3460 3654,3462 3724,3464 3795,3466 3865,3468 3935,3470 4005,3470 4075,3472 4145,3471 4215,3470 4285,3468 4355,3464 4425,3461 4496,3454 4496,3375 4425,3382 4355,3385 4285,3389 4215,3391 4145,3392 4075,3393 4005,3391 3935,3391 3865,3389 3795,3387 3724,3385 3654,3383 3584,3381 3514,3379 3444,3377 3374,3375 3304,3375 3234,3375 3164,3376 3094,3377"/>
                <Baseline points="3094,3430 3164,3429 3234,3428 3304,3428 3374,3428 3444,3430 3514,3432 3584,3434 3654,3436 3724,3438 3795,3440 3865,3442 3935,3444 4005,3444 4075,3446 4145,3445 4215,3444 4285,3442 4355,3438 4425,3435 4496,3428"/>
                <TextEquiv>
                    <Unicode>ad impetrandum petita / allegans auctoritatem</Unicode>
                </TextEquiv>
            </TextLine>
            <TextLine id="r3l22" custom="readingOrder {index:21;} textStyle {offset:45; length:1;superscript:true;}">
                <Coords points="3086,3578 3149,3576 3213,3574 3276,3574 3340,3572 3403,3572 3467,3572 3530,3573 3594,3574 3657,3574 3721,3576 3784,3578 3848,3580 3911,3582 3975,3584 4038,3586 4102,3588 4165,3590 4229,3590 4292,3592 4356,3594 4356,3515 4292,3513 4229,3511 4165,3511 4102,3509 4038,3507 3975,3505 3911,3503 3848,3501 3784,3499 3721,3497 3657,3495 3594,3495 3530,3494 3467,3493 3403,3493 3340,3493 3276,3495 3213,3495 3149,3497 3086,3499"/>
                <Baseline points="3086,3552 3149,3550 3213,3548 3276,3548 3340,3546 3403,3546 3467,3546 3530,3547 3594,3548 3657,3548 3721,3550 3784,3552 3848,3554 3911,3556 3975,3558 4038,3560 4102,3562 4165,3564 4229,3564 4292,3566 4356,3568"/>
                <TextEquiv>
                    <Unicode>prophete loquentis de tempore gracie ysaie 49o</Unicode>
                </TextEquiv>
            </TextLine>
            <TextLine id="r3l23" custom="readingOrder {index:22;}">
                <Coords points="3080,3688 3148,3684 3216,3682 3284,3681 3352,3681 3420,3682 3488,3684 3556,3686 3624,3688 3692,3692 3761,3696 3829,3699 3897,3702 3965,3704 4033,3707 4101,3708 4169,3710 4237,3710 4305,3709 4373,3707 4442,3702 4442,3623 4373,3628 4305,3630 4237,3631 4169,3631 4101,3629 4033,3628 3965,3625 3897,3623 3829,3620 3761,3617 3692,3613 3624,3609 3556,3607 3488,3605 3420,3603 3352,3602 3284,3602 3216,3603 3148,3605 3080,3609"/>
                <Baseline points="3080,3662 3148,3658 3216,3656 3284,3655 3352,3655 3420,3656 3488,3658 3556,3660 3624,3662 3692,3666 3761,3670 3829,3673 3897,3676 3965,3678 4033,3681 4101,3682 4169,3684 4237,3684 4305,3683 4373,3681 4442,3676"/>
                <TextEquiv>
                    <Unicode>Ait enim dominus per ysaiam quod ipse sit paratus</Unicode>
                </TextEquiv>
            </TextLine>
            <TextLine id="r3l24" custom="readingOrder {index:23;}">
                <Coords points="3084,3798 3148,3798 3213,3798 3278,3800 3343,3800 3408,3802 3472,3802 3537,3804 3602,3806 3667,3808 3732,3810 3796,3810 3861,3812 3926,3814 3991,3816 4056,3818 4120,3820 4185,3822 4250,3824 4315,3825 4380,3828 4380,3749 4315,3746 4250,3745 4185,3743 4120,3741 4056,3739 3991,3737 3926,3735 3861,3733 3796,3731 3732,3731 3667,3729 3602,3727 3537,3725 3472,3723 3408,3723 3343,3721 3278,3721 3213,3719 3148,3719 3084,3719"/>
                <Baseline points="3084,3772 3148,3772 3213,3772 3278,3774 3343,3774 3408,3776 3472,3776 3537,3778 3602,3780 3667,3782 3732,3784 3796,3784 3861,3786 3926,3788 3991,3790 4056,3792 4120,3794 4185,3796 4250,3798 4315,3799 4380,3802"/>
                <TextEquiv>
                    <Unicode>dare suam graciam tempore accepto scilicet michi</Unicode>
                </TextEquiv>
            </TextLine>
            <TextLine id="r3l25" custom="readingOrder {index:24;}">
                <Coords points="3078,3918 3146,3918 3214,3916 3282,3916 3350,3916 3419,3918 3487,3918 3555,3920 3623,3921 3691,3922 3760,3924 3828,3926 3896,3927 3964,3928 4032,3930 4101,3932 4169,3932 4237,3934 4305,3934 4373,3934 4442,3934 4442,3855 4373,3855 4305,3855 4237,3855 4169,3853 4101,3853 4032,3851 3964,3849 3896,3848 3828,3847 3760,3845 3691,3843 3623,3842 3555,3841 3487,3839 3419,3839 3350,3837 3282,3837 3214,3837 3146,3839 3078,3839"/>
                <Baseline points="3078,3892 3146,3892 3214,3890 3282,3890 3350,3890 3419,3892 3487,3892 3555,3894 3623,3895 3691,3896 3760,3898 3828,3900 3896,3901 3964,3902 4032,3904 4101,3906 4169,3906 4237,3908 4305,3908 4373,3908 4442,3908"/>
                <TextEquiv>
                    <Unicode>ad misericordiam / vel tibi ad salutem Exaudivi</Unicode>
                </TextEquiv>
            </TextLine>
            <TextLine id="r3l26" custom="readingOrder {index:25;}">
                <Coords points="3092,4032 3156,4034 3221,4038 3285,4039 3350,4040 3414,4042 3479,4044 3543,4044 3608,4046 3672,4046 3737,4046 3801,4048 3866,4048 3930,4048 3995,4048 4059,4050 4124,4050 4188,4050 4253,4052 4317,4052 4382,4054 4382,3975 4317,3973 4253,3973 4188,3971 4124,3971 4059,3971 3995,3969 3930,3969 3866,3969 3801,3969 3737,3967 3672,3967 3608,3967 3543,3965 3479,3965 3414,3963 3350,3961 3285,3960 3221,3959 3156,3955 3092,3953"/>
                <Baseline points="3092,4006 3156,4008 3221,4012 3285,4013 3350,4014 3414,4016 3479,4018 3543,4018 3608,4020 3672,4020 3737,4020 3801,4022 3866,4022 3930,4022 3995,4022 4059,4024 4124,4024 4188,4024 4253,4026 4317,4026 4382,4028"/>
                <TextEquiv>
                    <Unicode>te / scilicet in tempore nove legis quod est tempus</Unicode>
                </TextEquiv>
            </TextLine>
            <TextLine id="r3l27" custom="readingOrder {index:26;}">
                <Coords points="3084,4154 3148,4156 3212,4158 3276,4158 3340,4160 3404,4161 3468,4162 3532,4164 3596,4166 3660,4166 3724,4168 3788,4168 3852,4170 3916,4170 3980,4170 4044,4170 4108,4170 4172,4170 4236,4170 4300,4168 4364,4168 4364,4090 4300,4090 4236,4092 4172,4092 4108,4092 4044,4092 3980,4092 3916,4092 3852,4092 3788,4090 3724,4090 3660,4088 3596,4088 3532,4086 3468,4084 3404,4083 3340,4082 3276,4080 3212,4080 3148,4078 3084,4076"/>
                <Baseline points="3084,4128 3148,4130 3212,4132 3276,4132 3340,4134 3404,4135 3468,4136 3532,4138 3596,4140 3660,4140 3724,4142 3788,4142 3852,4144 3916,4144 3980,4144 4044,4144 4108,4144 4172,4144 4236,4144 4300,4142 4364,4142"/>
                <TextEquiv>
                    <Unicode>gracie / quia oraciones fidelium exaudibiles </Unicode>
                </TextEquiv>
            </TextLine>
            <TextLine id="r3l28" custom="readingOrder {index:27;}">
                <Coords points="3080,4258 3149,4263 3219,4268 3288,4271 3358,4276 3428,4278 3497,4280 3567,4280 3636,4282 3706,4282 3776,4282 3845,4282 3915,4282 3984,4282 4054,4283 4124,4284 4193,4284 4263,4286 4332,4287 4402,4290 4472,4292 4472,4214 4402,4212 4332,4209 4263,4208 4193,4206 4124,4206 4054,4205 3984,4204 3915,4204 3845,4204 3776,4204 3706,4204 3636,4204 3567,4202 3497,4202 3428,4200 3358,4198 3288,4193 3219,4190 3149,4185 3080,4180"/>
                <Baseline points="3080,4232 3149,4237 3219,4242 3288,4245 3358,4250 3428,4252 3497,4254 3567,4254 3636,4256 3706,4256 3776,4256 3845,4256 3915,4256 3984,4256 4054,4257 4124,4258 4193,4258 4263,4260 4332,4261 4402,4264 4472,4266"/>
                <TextEquiv>
                    <Unicode>fiunt per christum / per quas et liberat eos a malis</Unicode>
                </TextEquiv>
            </TextLine>
            <TextLine id="r3l29" custom="readingOrder {index:28;}">
                <Coords points="3088,4378 3153,4378 3219,4380 3284,4380 3350,4382 3416,4384 3481,4384 3547,4387 3612,4388 3678,4390 3744,4392 3809,4394 3875,4396 3940,4398 4006,4400 4071,4402 4137,4404 4203,4406 4268,4407 4334,4408 4400,4410 4400,4337 4334,4335 4268,4334 4203,4333 4137,4331 4071,4329 4006,4327 3940,4325 3875,4323 3809,4321 3744,4319 3678,4317 3612,4315 3547,4314 3481,4311 3416,4311 3350,4309 3284,4307 3219,4307 3153,4305 3088,4305"/>
                <Baseline points="3088,4354 3153,4354 3219,4356 3284,4356 3350,4358 3416,4360 3481,4360 3547,4363 3612,4364 3678,4366 3744,4368 3809,4370 3875,4372 3940,4374 4006,4376 4071,4378 4137,4380 4203,4382 4268,4383 4334,4384 4400,4386"/>
                <TextEquiv>
                    <Unicode>Et in die salutis que scilicet salus / nota</Unicode>
                </TextEquiv>
            </TextLine>
            <TextLine id="r3l30" custom="readingOrder {index:29;}">
                <Coords points="3092,4481 3157,4484 3223,4489 3288,4493 3354,4496 3420,4499 3485,4502 3551,4503 3616,4507 3682,4508 3748,4510 3813,4511 3879,4513 3944,4513 4010,4513 4075,4515 4141,4515 4207,4513 4272,4513 4338,4513 4404,4511 4404,4436 4338,4438 4272,4438 4207,4438 4141,4440 4075,4440 4010,4438 3944,4438 3879,4438 3813,4436 3748,4435 3682,4433 3616,4432 3551,4428 3485,4427 3420,4424 3354,4421 3288,4418 3223,4414 3157,4409 3092,4406"/>
                <Baseline points="3092,4456 3157,4459 3223,4464 3288,4468 3354,4471 3420,4474 3485,4477 3551,4478 3616,4482 3682,4483 3748,4485 3813,4486 3879,4488 3944,4488 4010,4488 4075,4490 4141,4490 4207,4488 4272,4488 4338,4488 4404,4486"/>
                <TextEquiv>
                    <Unicode>est facta mundo scilicet christus dominus Vel in</Unicode>
                </TextEquiv>
            </TextLine>
            <TextLine id="r3l31" custom="readingOrder {index:30;}">
                <Coords points="3076,4596 3143,4601 3210,4605 3277,4609 3344,4612 3412,4615 3479,4618 3546,4620 3613,4622 3680,4624 3748,4624 3815,4626 3882,4626 3949,4626 4016,4627 4084,4628 4151,4628 4218,4628 4285,4626 4352,4626 4420,4626 4420,4547 4352,4547 4285,4547 4218,4549 4151,4549 4084,4549 4016,4548 3949,4547 3882,4547 3815,4547 3748,4545 3680,4545 3613,4543 3546,4541 3479,4539 3412,4536 3344,4533 3277,4530 3210,4526 3143,4522 3076,4517"/>
                <Baseline points="3076,4570 3143,4575 3210,4579 3277,4583 3344,4586 3412,4589 3479,4592 3546,4594 3613,4596 3680,4598 3748,4598 3815,4600 3882,4600 3949,4600 4016,4601 4084,4602 4151,4602 4218,4602 4285,4600 4352,4600 4420,4600"/>
                <TextEquiv>
                    <Unicode>die salutis in qua scilicet homo potest operari</Unicode>
                </TextEquiv>
            </TextLine>
            <TextLine id="r3l32" custom="readingOrder {index:31;}">
                <Coords points="3084,4724 3148,4724 3213,4724 3277,4726 3342,4726 3407,4728 3471,4730 3536,4731 3600,4734 3665,4735 3730,4738 3794,4740 3859,4742 3923,4744 3988,4746 4052,4748 4117,4750 4182,4752 4246,4753 4311,4754 4376,4756 4376,4677 4311,4675 4246,4674 4182,4673 4117,4671 4052,4669 3988,4667 3923,4665 3859,4663 3794,4661 3730,4659 3665,4656 3600,4655 3536,4652 3471,4651 3407,4649 3342,4647 3277,4647 3213,4645 3148,4645 3084,4645"/>
                <Baseline points="3084,4698 3148,4698 3213,4698 3277,4700 3342,4700 3407,4702 3471,4704 3536,4705 3600,4708 3665,4709 3730,4712 3794,4714 3859,4716 3923,4718 3988,4720 4052,4722 4117,4724 4182,4726 4246,4727 4311,4728 4376,4730"/>
                <TextEquiv>
                    <Unicode>suam salutem / et consequi veniam et pro¬</Unicode>
                </TextEquiv>
            </TextLine>
            <TextLine id="r3l33" custom="readingOrder {index:32;}">
                <Coords points="3076,4830 3140,4832 3204,4835 3268,4838 3332,4839 3396,4842 3460,4844 3524,4846 3588,4846 3652,4848 3716,4850 3780,4852 3844,4854 3908,4856 3972,4858 4036,4860 4100,4862 4164,4864 4228,4867 4292,4869 4356,4872 4356,4799 4292,4796 4228,4794 4164,4791 4100,4789 4036,4787 3972,4785 3908,4783 3844,4781 3780,4779 3716,4777 3652,4775 3588,4773 3524,4773 3460,4771 3396,4769 3332,4766 3268,4765 3204,4762 3140,4759 3076,4757"/>
                <Baseline points="3076,4806 3140,4808 3204,4811 3268,4814 3332,4815 3396,4818 3460,4820 3524,4822 3588,4822 3652,4824 3716,4826 3780,4828 3844,4830 3908,4832 3972,4834 4036,4836 4100,4838 4164,4840 4228,4843 4292,4845 4356,4848"/>
                <TextEquiv>
                    <Unicode>mereri vitam eternam Audivi te scilicet</Unicode>
                </TextEquiv>
            </TextLine>
            <TextLine id="r3l34" custom="readingOrder {index:33;}">
                <Coords points="3084,4936 3147,4938 3210,4938 3274,4940 3337,4943 3401,4944 3464,4948 3527,4950 3591,4952 3654,4956 3718,4958 3781,4961 3844,4964 3908,4966 3971,4968 4035,4969 4098,4970 4161,4972 4225,4972 4288,4970 4352,4970 4352,4898 4288,4898 4225,4900 4161,4900 4098,4898 4035,4897 3971,4896 3908,4894 3844,4892 3781,4889 3718,4886 3654,4884 3591,4880 3527,4878 3464,4876 3401,4872 3337,4871 3274,4868 3210,4866 3147,4866 3084,4864"/>
                <Baseline points="3084,4912 3147,4914 3210,4914 3274,4916 3337,4919 3401,4920 3464,4924 3527,4926 3591,4928 3654,4932 3718,4934 3781,4937 3844,4940 3908,4942 3971,4944 4035,4945 4098,4946 4161,4948 4225,4948 4288,4946 4352,4946"/>
                <TextEquiv>
                    <Unicode>ad bonam graciam adiutricem conferendo</Unicode>
                </TextEquiv>
            </TextLine>
            <TextLine id="r3l35" custom="readingOrder {index:34;}">
                <Coords points="3056,5048 3123,5048 3191,5048 3258,5050 3326,5052 3394,5054 3461,5056 3529,5058 3596,5060 3664,5062 3732,5064 3799,5066 3867,5068 3934,5070 4002,5070 4069,5072 4137,5072 4205,5071 4272,5070 4340,5068 4408,5066 4464,4924 4396,4926 4272,4992 4205,4993 4137,4994 4069,4994 4002,4992 3934,4992 3867,4990 3799,4988 3732,4986 3664,4984 3596,4982 3529,4980 3461,4978 3394,4976 3326,4974 3258,4972 3191,4970 3123,4970 3056,4970"/>
                <Baseline points="3056,5022 3123,5022 3191,5022 3258,5024 3326,5026 3394,5028 3461,5030 3529,5032 3596,5034 3664,5036 3732,5038 3799,5040 3867,5042 3934,5044 4002,5044 4069,5046 4137,5046 4205,5045 4272,5044 4340,5042 4408,5040"/>
                <TextEquiv>
                    <Unicode>Ubi dicit glosa statim in obitu datur fidelibus</Unicode>
                </TextEquiv>
            </TextLine>
            <TextLine id="r3l36" custom="readingOrder {index:35;}">
                <Coords points="3092,5158 3157,5156 3222,5156 3287,5156 3352,5156 3418,5158 3483,5159 3548,5161 3613,5163 3678,5165 3744,5167 3809,5170 3874,5172 3939,5174 4004,5176 4070,5178 4135,5178 4200,5180 4265,5180 4330,5180 4396,5178 4396,5105 4330,5107 4265,5107 4200,5107 4135,5105 4070,5105 4004,5103 3939,5101 3874,5099 3809,5097 3744,5094 3678,5092 3613,5090 3548,5088 3483,5086 3418,5085 3352,5083 3287,5083 3222,5083 3157,5083 3092,5085"/>
                <Baseline points="3092,5134 3157,5132 3222,5132 3287,5132 3352,5132 3418,5134 3483,5135 3548,5137 3613,5139 3678,5141 3744,5143 3809,5146 3874,5148 3939,5150 4004,5152 4070,5154 4135,5154 4200,5156 4265,5156 4330,5156 4396,5154"/>
                <TextEquiv>
                    <Unicode>salus / et hoc non est intelligendum quod</Unicode>
                </TextEquiv>
            </TextLine>
            <TextLine id="r3l37" custom="readingOrder {index:36;}">
                <Coords points="3064,5250 3127,5254 3191,5256 3254,5258 3318,5262 3382,5264 3445,5267 3509,5268 3572,5270 3636,5272 3700,5274 3763,5276 3827,5276 3890,5278 3954,5279 4018,5280 4081,5280 4145,5280 4208,5280 4272,5280 4336,5280 4336,5207 4272,5207 4208,5207 4145,5207 4081,5207 4018,5207 3954,5206 3890,5205 3827,5203 3763,5203 3700,5201 3636,5199 3572,5197 3509,5195 3445,5194 3382,5191 3318,5189 3254,5185 3191,5183 3127,5181 3064,5177"/>
                <Baseline points="3064,5226 3127,5230 3191,5232 3254,5234 3318,5238 3382,5240 3445,5243 3509,5244 3572,5246 3636,5248 3700,5250 3763,5252 3827,5252 3890,5254 3954,5255 4018,5256 4081,5256 4145,5256 4208,5256 4272,5256 4336,5256"/>
                <TextEquiv>
                    <Unicode>omnes fideles statim post mortem</Unicode>
                </TextEquiv>
            </TextLine>
            <TextEquiv>
                <Unicode>sionem peccatorum perpetratorum / per totum annum&#13;
ad quam nos hortatur apostulus dicens&#13;
Hortamur vos quasi diceret in persona sacer¬&#13;
dotum / quia sumus ministri dei mandata&#13;
eius exequendo igitur hortamur vos&#13;
verbo exemplo et suffragio oracionis ne&#13;
in vacuum graciam dei recipiatis id est&#13;
remissionem peccatorum que iam vobis facta&#13;
est vel fiet que est ex gracia dei pura&#13;
et non ex nostris operibus / que gracia ut&#13;
dicit glosa tunc in vacuum recipitur / quando&#13;
homo post peccatorum remissionem seu di¬&#13;
missionem / se non exercet in bonis ac¬&#13;
tibus et operibus / et hoc intelligitur&#13;
quando est tempus et locus secundum dictamen&#13;
recte racionis et non est sic intelligendum&#13;
quod qui in fine penitet / et alias per&#13;
totum tempus vite sue se non exercuit&#13;
quod propter hoc sua penitentia non acceptetur&#13;
a deo / et ideo allegat tempus oportunum&#13;
ad impetrandum petita / allegans auctoritatem&#13;
prophete loquentis de tempore gracie ysaie 49o&#13;
Ait enim dominus per ysaiam quod ipse sit paratus&#13;
dare suam graciam tempore accepto scilicet michi&#13;
ad misericordiam / vel tibi ad salutem Exaudivi&#13;
te / scilicet in tempore nove legis quod est tempus&#13;
gracie / quia oraciones fidelium exaudibiles &#13;
fiunt per christum / per quas et liberat eos a malis&#13;
Et in die salutis que scilicet salus / nota&#13;
est facta mundo scilicet christus dominus Vel in&#13;
die salutis in qua scilicet homo potest operari&#13;
suam salutem / et consequi veniam et pro¬&#13;
mereri vitam eternam Audivi te scilicet&#13;
ad bonam graciam adiutricem conferendo&#13;
Ubi dicit glosa statim in obitu datur fidelibus&#13;
salus / et hoc non est intelligendum quod&#13;
omnes fideles statim post mortem</Unicode>
            </TextEquiv>
        </TextRegion>
    </Page>
</PcGts>
