5166 7220
547 1112 1934 1353 deus est enim in omnibus rebus
565 1292 1948 1524 per penitenciam et potenciam et essenciam
539 1431 1982 1641 ut dicit Augustinus ad tardanum de penitencia
545 1569 1970 1809 dei specialiter est tamen cum orantibus sicut in¬
561 1724 1982 1968 psalmo 44o dicitur prope est deus omnibus invo¬
545 1869 1944 2065 cantibus eum omnibus invocantibus
545 2019 1950 2217 enim in veritate Unde et dyonisius
537 2166 1912 2396 3o capitulo de divinis nominibus dicit Ipsa tamen
531 2318 1956 2513 trinitas omnibus adest / tunc autem et
529 2453 1974 2651 nos ipsi assumus / cum ipsam invocamus
535 2588 1922 2800 castissimis oracionibus / et revelata
531 2743 1968 2945 mente ad divinam municionem confugimus
523 2869 1962 3089 Unde et Augustinus ad probam dicit Oracio
525 3040 1936 3214 pura magna est virtus / et velud
557 3147 1946 3404 fidelis nunccius mandatum peragit
537 3311 1942 3527 et penerat quo caro non pervenit
529 3436 1944 3652 oracione eciam quasi ad deum trahimur
537 3591 1984 3797 sicut declarat in exemplo / dyonisius 3o capitulo
525 3735 1956 3939 de divinis nominibus Sicut si esse a celo
531 3872 1960 4096 dependens una kathena aurea et
523 4023 1976 4229 nos continue anteriorando manus
531 4149 1964 4356 per eam ascenderemus / trahendo
529 4278 1984 4500 nos versus celum / Et si ininani ex¬
517 4427 1997 4645 istentes per funem fortem traherentur ad
519 4558 1964 4774 alique lapidem inmobilem / isti
519 4700 1984 4904 non monerent lapidem sed mone
509 4845 1954 5071 rent se ad lapidem Et propter has et
521 4978 1966 5202 alias multiplicens oracionis utilitates
487 5134 1952 5356 Cristus hortatur discipulos et nos in
509 5279 1964 5531 personis eorum ad orandum ut patet in ewangelio
519 5412 1916 5650 pro gracia dicamus etc. Ave maria etc.
2802 1108 3854 1355 Men dico vobis etc. ubi supra
2808 1344 3872 1548 Manifestum est quod nos in
2823 1445 3953 1671 hoc mundo pleno defectibus
2332 1617 3826 1815 et miseriis multis indigemus necessariis /
2326 1722 3947 1956 nobis quo ad corpus / et aduc pluribus
2303 1898 3779 2106 de quibus indigemus pro bono statu
2313 2029 3886 2273 anime Et quia nostra opera / non sunt sufficiencia
2311 2180 3878 2390 nec mererentur / quod deus det nobis ista
2320 2326 3856 2550 absque omni diligencia et sollicitudine / quia
2309 2477 3846 2705 nec omnia bona nostra opera sufficiunt
2342 2624 3795 2828 recompensare nimium bonum / quod deus
2303 2754 3848 2980 nobis dedit / ymo non esset nobis
2348 2901 3799 3137 hoc utile / si absque nostro desiderio et
2318 3062 3856 3266 appetitu / quasi nobis nescientibus / deus
2320 3194 3787 3389 omnia largiretur nobis omnia necessaria
2318 3347 3832 3563 Et ideo voluit deus quod postquam homo
2309 3492 3821 3688 tales defectus suos consideraret / et sibi
2316 3610 3878 3866 poterit subvenire / suam graciam hominibus
2316 3779 3781 3989 impendere et facere / in quantum hoc
2313 3928 3777 4144 saluti anime est utile / et sic supplere
2332 4052 3797 4282 nostros defectus Et hoc promisit Cristus
2291 4201 3751 4417 nobis hodie cum dixit discipulis
2328 4344 3819 4562 suis / Amen amen dico vo¬
2318 4520 3753 4720 bis / si quid pecieritis patrem
2324 4667 3842 4839 racionabiliter et ordinate in nomine
2322 4778 3826 5006 meo id est ad salutem pertinens dabit
2313 4940 3848 5174 vobis Et hoc si peticio ista fiat
2320 5089 3807 5313 pie iuste et perseveranter / et hoc pre¬
2293 5223 3785 5481 cipue verum est de oracione mentali
2309 5378 3884 5588 et desiderio obtinendi a deo / Et in¬
2344 5537 3858 5824 istis brevibus verbis predictis / salvator ponit
