5166 6845
696 1223 1005 1283 confessio
1042 1210 1247 1270 peccatorum
1269 1203 1409 1263 dist
1423 1196 1585 1256 nitte
1622 1194 1842 1254 fienda
1887 1194 1952 1254 sa¬

669 1351 883 1411 cerdoti
930 1335 1149 1395 tamqua
1185 1323 1428 1383 vitaris
1452 1316 1582 1376 christi
1606 1314 1618 1374 /
1641 1310 1742 1370 nec
1778 1307 1991 1367 debuit

695 1470 838 1530 potunc
900 1453 1164 1513 institui
1212 1446 1389 1506 Cus
1416 1441 1688 1501 causam
1708 1431 1803 1491 dat
1844 1416 1980 1476 Boma

698 1591 867 1651 Quot
894 1578 1008 1638 talis
1048 1566 1346 1626 confessio
1379 1555 1481 1615 ditite
1521 1550 1642 1610 feccta
1689 1541 1972 1601 sacerdoti

697 1717 760 1777 et
809 1702 1103 1762 ordinata
1130 1693 1158 1753 /
1172 1689 1235 1749 quod
1256 1681 1452 1741 percam
1487 1672 1598 1732 opera
1634 1658 1990 1718 infructuo

717 1836 770 1896 sa
799 1824 1144 1884 cenebrarum
1173 1806 1337 1866 clare
1378 1786 1758 1846 manifestat
1810 1773 1869 1833 et
1887 1771 1957 1831 ara

676 1950 889 2010 guitur
925 1938 1050 1998 que
1094 1929 1241 1989 autem
1270 1915 1564 1975 arguuntur
1593 1902 1769 1962 alive
1806 1896 1967 1956 mani¬

692 2071 930 2131 festant
984 2060 1046 2120 Ad
1080 2052 1223 2112 Ephesi
1270 2045 1338 2105 1o
1366 2039 1475 2099 Sed
1515 2032 1577 2092 quia
1597 2028 1652 2088 lex
1692 2021 1815 2081 fuerit
1835 2014 1958 2074 vecrius

690 2191 901 2251 adhuc
935 2180 1010 2240 in
1030 2171 1262 2231 quadam
1289 2161 1452 2221 yubos
1479 2156 1534 2216 et
1561 2152 1730 2212 figua
1806 2143 1935 2203 ideo

669 2315 785 2375 talis
821 2304 1113 2364 confessio
1149 2287 1302 2347 mea
1346 2277 1462 2337 esse
1499 2268 1630 2328 non
1659 2260 1870 2320 debuit
1900 2258 1914 2318 /
1936 2256 1986 2316 sed

676 2428 747 2488 in
754 2425 883 2485 lege
920 2419 1091 2479 nova
1142 2406 1220 2466 in
1249 2399 1377 2459 qua
1428 2387 1507 2447 lux
1571 2374 1843 2434 refulsit
1872 2368 1894 2428 /
1915 2368 1972 2428 et

708 2548 827 2608 gracia
870 2541 932 2601 et
975 2528 1220 2588 veritas
1248 2517 1311 2577 per
1318 2509 1473 2569 ism
1507 2500 1626 2560 chriumnum
1640 2493 1752 2553 facta
1809 2487 1893 2547 est
1921 2484 1949 2544 /

710 2664 811 2724 secinus
824 2661 946 2721 dico
980 2655 1047 2715 quod
1061 2647 1161 2707 ista
1202 2628 1472 2688 confessio
1506 2609 1647 2669 verboblite
1688 2602 1789 2662 dste
1823 2602 1964 2662 facine

686 2787 758 2847 da
802 2775 1136 2835 confessori
1165 2760 1296 2820 fuit
1339 2751 1397 2811 in
1419 2745 1557 2805 lege
1571 2736 1746 2796 mnorim
1760 2728 2000 2788 fignata

717 2900 792 2960 in
806 2894 947 2954 istis
976 2881 1413 2941 confessionibus
1442 2866 1723 2926 gneralibus
1753 2857 1826 2917 vo
1848 2853 1901 2913 et
1923 2851 2026 2911 facto

705 3017 844 3077 iam
872 3012 1018 3072 dictis
1032 3007 1046 3067 /
1060 3005 1109 3065 et
1137 3001 1262 3061 fuit
1297 2994 1429 3054 eciam
1464 2986 1756 3046 prefigurata
1805 2975 1959 3035 memo¬

740 3141 804 3201 quod
818 3138 952 3198 Iohm
981 3126 1361 3186 confitebamur
1383 3109 1517 3169 peccata
1559 3099 1671 3159 sua
1714 3091 1813 3151 illi
1848 3083 2046 3143 ipsius

720 3253 941 3313 bapimo
980 3249 1051 3309 ad
1067 3243 1272 3303 graciam
1295 3233 1445 3293 chrispti
1476 3219 1736 3279 propabane
1776 3209 1925 3269 fuit
1949 3206 2051 3266 eciam

747 3368 893 3428 axpo
932 3364 998 3424 in
1018 3358 1274 3418 sinvata
1341 3350 1413 3410 in
1426 3344 1631 3404 plicite
1683 3337 1743 3397 in
1762 3333 1848 3393 exmo
1881 3330 1966 3390 cum

757 3483 910 3543 dixit
953 3475 1113 3535 lepso
1144 3466 1389 3526 mundato
1438 3458 1512 3518 contri
1536 3454 1591 3514 o
1641 3449 1788 3509 vade
1831 3442 1972 3502 onde

739 3606 803 3666 te
827 3600 979 3660 sacramenti
1019 3588 1362 3648 Absolucionem
1394 3579 1522 3639 autem
1545 3574 1721 3634 sacramile
1753 3568 1817 3628 in
1825 3563 2033 3623 simale

716 3716 787 3776 in
810 3712 1008 3772 mistio
1039 3707 1141 3767 quando
1158 3702 1331 3762 dixit
1363 3695 1559 3755 disus
1575 3690 1678 3750 post
1694 3688 2064 3748 resuscitarioum

715 3836 920 3896 laari
957 3828 1213 3888 Selvite
1265 3821 1360 3881 eum
1382 3818 1449 3878 et
1478 3816 1676 3876 snite
1719 3814 1859 3874 abie
1903 3814 1910 3874 I

743 3964 838 4024 hrisio
867 3955 985 4015 Expre
999 3949 1073 4009 sse
1117 3944 1255 4004 autem
1285 3936 1556 3996 instituit
1585 3928 1775 3988 christus
1805 3920 1995 3980 istam

752 4071 1125 4131 confessionem
1153 4062 1266 4122 quando
1287 4058 1421 4118 post
1449 4050 1815 4110 resurrecionem
1836 4037 1985 4097 dixit

781 4195 941 4255 discit
960 4189 1093 4249 suis
1113 4185 1219 4245 Iohi
1246 4181 1312 4241 2eo
1346 4176 1545 4236 quorum
1572 4172 1744 4232 remini
1757 4170 1884 4230 seritis
1904 4170 2023 4230 peccata

750 4312 1060 4372 remittuntur
1090 4308 1145 4368 et
1182 4303 1364 4363 quorum
1400 4298 1759 4358 retinueritis
1790 4296 2032 4356 retenta

781 4440 882 4500 sunt
922 4440 982 4500 In
996 4438 1230 4498 quibus
1250 4433 1357 4493 emis
1377 4427 1652 4487 salvator
1692 4420 1959 4480 disciplis
1979 4418 2093 4478 sus

755 4558 818 4618 et
854 4554 1022 4614 peadum
1063 4547 1351 4607 omnibus
1379 4539 1687 4599 sacerdonibus
1715 4534 1779 4594 de
1786 4532 1856 4592 dicit
1877 4530 2059 4590 potestatem

771 4678 1151 4738 remittendi
1175 4671 1306 4731 peccata
1343 4668 1355 4728 /
1380 4665 1542 4725 nulli
1585 4659 1715 4719 autem
1734 4653 2008 4713 committitur

795 4806 949 4866 pectas
989 4802 1269 4862 iudiciaima
1310 4795 1410 4855 vel
1443 4788 1744 4848 acbicturia
1777 4781 1790 4841 /
1811 4779 1918 4839 nisi
1951 4776 2071 4836 acui

737 4922 971 4982 committa
1027 4916 1085 4976 et
1120 4911 1418 4971 inponatur
1432 4906 1589 4966 necessitas
1617 4895 2049 4955 submittendi

734 5036 801 5096 se
831 5034 950 5094 sibi
981 5033 1086 5093 sicut
1100 5030 1340 5090 frustra
1384 5024 1669 5084 committetur
1691 5019 1855 5079 ptstas
1892 5013 2131 5073 indica¬

737 5154 816 5214 di
833 5154 881 5214 si
912 5152 1088 5212 nulli
1128 5150 1415 5210 inponetur
1440 5146 1599 5206 necessitas
1623 5143 1839 5203 pendi
1862 5139 1974 5199 sue
1998 5137 2134 5197 sine

743 5272 905 5332 uino
951 5268 1232 5328 ridiclum
1262 5267 1388 5327 esset
1418 5266 1469 5326 ex
1522 5264 1588 5324 eo
1626 5263 1692 5323 quod
1715 5260 1892 5320 omnes
1922 5255 2026 5315 rei

781 5404 1026 5464 fugiunt
1072 5400 1210 5460 counit
1248 5398 1477 5458 iudicem
1508 5396 1562 5456 et
1584 5396 1630 5456 pro
1653 5396 1776 5456 quanis
1806 5394 2066 5454 omnibus

2364 1166 2628 1226 adultis
2658 1167 2786 1227 qui
2809 1163 3051 1223 conscienciam
3096 1155 3337 1215 habent
3374 1149 3488 1209 vel
3525 1148 3744 1208 habere

2404 1290 2609 1350 debent
2646 1290 2690 1350 de
2705 1287 2836 1347 peccatis
2866 1284 3035 1344 prptus
3056 1280 3203 1340 piula
3239 1276 3385 1336 verba
3422 1270 3612 1330 precepit
3634 1266 3693 1326 en¬

2357 1411 2520 1471 fiteri
2550 1410 2646 1470 vba
2654 1408 2751 1468 liter
2765 1408 2914 1468 sacrameti
2928 1408 2936 1468 /
2950 1407 3010 1467 Et
3032 1406 3136 1466 hoc
3181 1403 3314 1463 eciam
3336 1399 3426 1459 potest
3440 1391 3707 1451 discerm

2379 1538 2553 1598 fxisto
2588 1536 2658 1596 2o
2692 1534 2763 1594 quia
2790 1531 2936 1591 vrerbi
2972 1528 3083 1588 ista
3110 1524 3271 1584 dedit
3299 1517 3550 1577 siluator
3578 1508 3724 1568 discict

2382 1670 2435 1730 et
2469 1667 2617 1727 eorum
2637 1659 3080 1719 successoribus
3114 1651 3349 1711 poestatem
3369 1642 3739 1702 remittendi

2390 1793 2528 1853 peccata
2557 1792 2570 1852 /
2584 1791 2639 1851 et
2674 1789 2820 1849 non
2834 1783 3049 1843 tamqus
3083 1771 3507 1831 remissoribus
3528 1768 3791 1828 proncipantbus

2399 1919 2476 1979 quia
2491 1915 2758 1975 priencipalte
2801 1904 3040 1964 remitte
3075 1895 3202 1955 peccata
3252 1890 3336 1950 est
3364 1887 3555 1947 solvus
3583 1886 3746 1946 devis

2369 2046 2421 2106 sed
2429 2042 2691 2102 ministiate
2722 2032 2947 2092 tamquam
2999 2024 3201 2084 ministris
3247 2020 3299 2080 et
3329 2014 3539 2074 corebitere
3592 2008 3742 2068 nulls

2423 2172 2557 2232 autem
2570 2167 2664 2227 potest
2684 2160 2980 2220 arbitrari
3007 2153 3027 2213 /
3047 2151 3115 2211 in
3121 2147 3302 2207 cansa
3336 2142 3451 2202 sibi
3484 2138 3712 2198 ignota

2416 2296 2543 2356 igitur
2567 2290 2737 2350 causa
2785 2281 2846 2341 in
2858 2275 2979 2335 qua
3034 2264 3203 2324 debet
3252 2254 3500 2314 arbitrai
3548 2254 3621 2314 est
3651 2256 3736 2316 eis

2402 2413 2830 2473 manifestada
2872 2398 2977 2458 Ista
3019 2389 3152 2449 autem
3166 2380 3524 2440 manifestactur
3559 2380 3601 2440 est
3622 2383 3748 2443 con¬

2426 2537 2601 2597 fessio
2638 2528 2752 2588 vnde
2774 2523 2873 2583 patet
2889 2518 2942 2578 quod
2957 2515 3003 2575 ex
3040 2510 3139 2570 ila
3176 2502 3488 2562 colacione
3526 2500 3730 2560 protatis

2446 2658 2759 2718 arebitria
2806 2646 2969 2706 sacrambus
2989 2640 3098 2700 facta
3152 2632 3343 2692 tenen
3384 2625 3567 2685 peccatores
3608 2620 3676 2680 ad
3703 2618 3771 2678 at

2376 2789 2680 2849 cusandum
2709 2783 2758 2843 se
2800 2780 2893 2840 eis
2914 2778 2928 2838 /
2949 2775 3006 2835 et
3041 2771 3141 2831 hoc
3183 2766 3232 2826 est
3254 2759 3495 2819 confiteri
3509 2752 3572 2812 Et
3586 2749 3637 2809 hc
3672 2745 3749 2805 in

2441 2912 2606 2972 mit
2646 2907 2832 2967 Augstus
2871 2902 2924 2962 in
2937 2897 3089 2957 libro
3122 2889 3176 2949 de
3189 2884 3341 2944 penitencia
3387 2876 3447 2936 et
3474 2867 3705 2927 allegat

2424 3042 2590 3102 ingeter
2611 3038 2729 3098 que
2791 3031 2929 3091 4t
2971 3021 3137 3081 dicens
3172 3009 3358 3069 hemo
3392 2999 3503 3059 enim
3525 2992 3676 3052 dicat
3704 2985 3815 3045 sibi

2422 3158 2673 3218 penitentiam
2714 3155 2945 3215 occulte
2991 3147 3104 3207 ago
3144 3138 3309 3198 apud
3343 3128 3475 3188 deum
3494 3123 3514 3183 /
3527 3117 3806 3177 petenituncia

2398 3280 2615 3340 novit
2657 3278 2818 3338 deus
2860 3274 2972 3334 qui
3007 3267 3231 3327 michi
3266 3256 3539 3316 ignoscit
3581 3247 3651 3307 quia
3679 3243 3756 3303 in

2406 3396 2571 3456 corde
2609 3396 2737 3456 ago
2767 3395 2782 3455 /
2797 3394 2850 3454 Et
2873 3391 3091 3451 subdit
3144 3387 3211 3447 ad
3226 3381 3468 3441 propositum
3497 3375 3648 3435 Rogo
3678 3371 3799 3431 sine

2404 3516 2591 3576 causa
2622 3516 2794 3576 dictum
2832 3515 2918 3575 est
2941 3514 2964 3574 /
2988 3512 3190 3572 quodunque
3222 3508 3433 3568 solis
3464 3502 3627 3562 super
3651 3496 3814 3556 teram

2412 3645 2544 3705 erit
2581 3642 2817 3702 solutum
2846 3642 2905 3702 et
2949 3642 3191 3702 intelis
3213 3641 3221 3701 /
3243 3640 3323 3700 ero
3339 3639 3471 3699 sine
3507 3636 3581 3696 crna
3610 3629 3831 3689 clanes

2404 3770 2551 3830 date
2576 3765 2683 3825 sunt
2716 3761 3046 3821 frustivus
3087 3760 3302 3820 verbum
3326 3760 3467 3820 christi
3499 3760 3540 3820 se
3590 3758 3697 3818 hoc
3722 3758 3828 3818 pe¬

2415 3889 2670 3949 sradet
2708 3882 2916 3942 stotus
2939 3882 3086 3942 distncione
3117 3883 3170 3943 i7u
3225 3884 3317 3944 4ti
3348 3886 3625 3946 quicumque
3649 3884 3803 3944 perdi

2435 4019 2536 4079 dit
2569 4014 2776 4074 graciam
2810 4012 2904 4072 dei
2923 4012 2930 4072 /
2937 4012 3110 4072 tenetur
3131 4012 3191 4072 ad
3204 4010 3592 4070 recupandum
3632 4003 3779 4063 eam

2417 4138 2465 4198 ex
2507 4135 2716 4195 precepto
2765 4133 2862 4193 dei
2883 4132 2897 4192 /
2912 4132 3155 4192 diliges
3190 4131 3364 4191 dmim
3398 4129 3531 4189 deum
3565 4128 3621 4188 tu
3740 4123 3795 4183 et

2414 4258 2474 4318 se
2517 4258 2791 4318 dispone
2825 4258 3056 4318 quantum
3090 4256 3245 4316 meo
3279 4256 3365 4316 est
3382 4254 3399 4314 /
3416 4253 3476 4313 et
3510 4249 3776 4309 quantum
3793 4242 3862 4302 potest

2415 4384 2485 4444 quod
2499 4384 2555 4444 de
2576 4381 2690 4441 hoc
2732 4378 2944 4438 assuant
2986 4376 3170 4436 viam
3205 4374 3537 4434 cauciorem
3579 4372 3629 4432 et
3657 4371 3840 4431 creciore
3883 4368 3890 4428 /

2426 4500 2826 4560 dimittendo
2874 4497 2985 4557 ro
3006 4496 3205 4556 inmus
3234 4494 3454 4554 securam
3489 4491 3544 4551 et
3578 4488 3848 4548 difficilio

2422 4624 2566 4684 rem
2582 4622 2598 4682 /
2607 4622 2728 4682 qui
2752 4622 2880 4682 enim
2904 4622 2976 4682 in
2992 4622 3113 4682 hiis
3144 4624 3281 4684 que
3314 4624 3538 4684 salutis
3562 4622 3659 4682 sunt
3698 4618 3867 4678 accepum

2436 4757 2530 4817 tat
2563 4752 2690 4812 viam
2717 4747 2910 4807 munus
2930 4746 3151 4806 securam
3171 4746 3184 4806 /
3197 4748 3545 4808 dimitendo
3585 4744 3685 4804 via
3719 4741 3865 4801 secam

2436 4879 2498 4939 et
2536 4875 2723 4935 certam
2730 4872 2746 4932 /
2770 4870 3041 4930 exponit
3080 4868 3135 4928 se
3173 4864 3337 4924 peiculo
3368 4861 3483 4921 sue
3515 4856 3756 4916 saltutis
3763 4850 3779 4910 /
3794 4847 3848 4907 et

2457 5000 2628 5060 videtur
2653 4992 2977 5052 contemptor
3014 4990 3205 5050 ipius
3255 4988 3325 5048 et
3356 4987 3408 5047 per
3426 4983 3547 5043 quoandis
3572 4976 3737 5036 peccavt

2491 5124 2619 5184 secundum
2639 5122 2794 5182 illud
2841 5118 2990 5178 ecclesias
2997 5115 3063 5175 3io
3111 5110 3252 5170 Qui
3286 5107 3313 5167 a
3340 5103 3475 5163 mat
3515 5095 3710 5155 periclum
3717 5088 3852 5148 pribis

2446 5258 2632 5318 pericilo
2669 5253 2788 5313 sed
2817 5248 3122 5308 confitendo
3159 5242 3212 5302 et
3241 5231 3568 5291 suscipiedo
3605 5212 3791 5272 sacramentum

2459 5386 2799 5446 absolucionis
2820 5379 2841 5439 /
2856 5377 2940 5437 Ita
2976 5370 3061 5430 va
3111 5365 3160 5425 est
3174 5358 3401 5418 facilior
3444 5348 3521 5408 et
3564 5342 3706 5402 certa
3741 5339 3763 5399 /
3777 5338 3897 5398 Alia
