5166 6804
1367 1085 1438 1145 et
1473 1092 1742 1152 potibus
1763 1097 1770 1157 /
1784 1098 1989 1158 soprino
2032 1102 2180 1162 vocis
2208 1104 2272 1164 et
2307 1107 2512 1167 arcius
2541 1114 2662 1174 per¬

1363 1216 1600 1276 stemius
1633 1222 1968 1282 incustodia
2008 1227 2021 1287 /
2041 1231 2356 1291 vitemus
2396 1235 2462 1295 at
2495 1239 2652 1299 pessia
2745 1244 2758 1304 /

1343 1339 1501 1399 Unde
1537 1347 1759 1407 subdit
1795 1354 1996 1414 alus
2025 1359 2111 1419 sex
2183 1365 2535 1425 condiciones
2549 1370 2707 1430 bom

1381 1475 1617 1535 operari
1625 1477 1640 1537 /
1648 1478 1742 1538 scilicet
1766 1483 1829 1543 quod
1836 1484 1923 1544 sit
1962 1491 2204 1551 oposus
2235 1496 2298 1556 cont
2314 1500 2525 1560 ocosos
2541 1504 2556 1564 /
2581 1504 2706 1564 inula

1338 1612 1623 1672 boribus
1645 1615 1909 1675 sollicitus
1945 1623 2033 1683 in
2054 1631 2332 1691 vigilis
2368 1638 2500 1698 contra
2522 1638 2639 1698 sempem

1351 1750 1665 1810 nalentos
1687 1753 1701 1813 /
1723 1757 1992 1817 sobrius
2022 1764 2153 1824 contra
2175 1772 2438 1832 gulosos
2460 1776 2474 1836 /
2496 1778 2693 1838 nevi

1300 1882 1446 1942 niis
1482 1882 1781 1942 mundus
1810 1886 1941 1946 con
1977 1895 2458 1955 voluptuosos
2480 1905 2494 1965 /
2523 1909 2596 1969 in
2626 1914 2742 1974 cas¬

1306 2012 1500 2072 titate
1551 2018 1909 2078 discretus
1946 2024 2110 2084 contra
2125 2031 2400 2091 fatuos
2446 2043 2683 2103 insciencia

1352 2150 1693 2210 tconstans
1735 2156 1902 2216 contr
1930 2160 2230 2220 remissos
2250 2164 2264 2224 /
2278 2165 2341 2225 et
2376 2173 2703 2233 instables

1306 2282 1387 2342 in
1409 2282 1845 2342 longanuntate
1890 2287 2074 2347 unde
2119 2290 2192 2350 dicit
2214 2299 2680 2359 iulaberibus

1293 2412 1388 2472 scilicet
1403 2416 1728 2476 manium
1759 2418 1941 2478 sicut
1981 2422 2353 2482 faciebantur
2400 2430 2550 2490 apuli
2582 2440 2716 2500 qui

1316 2539 1499 2599 edocti
1536 2545 1719 2605 despirita
1763 2551 1888 2611 sancto
1940 2553 1998 2613 de
2020 2556 2226 2616 nullo
2255 2560 2475 2620 studio
2512 2565 2680 2625 indi¬

1330 2678 1535 2738 gebant
1591 2682 1657 2742 ad
1673 2683 1910 2743 predicanti
1942 2684 2081 2744 Ideo
2122 2688 2464 2748 manibus
2481 2692 2652 2752 propritis

1285 2818 1616 2878 laborabant
1679 2821 1778 2881 ne
1841 2820 2016 2880 alios
2066 2820 2410 2880 eravarent
2467 2823 2523 2883 et
2580 2827 2671 2887 ut

1301 2939 1463 2999 quastium
1489 2947 1624 3007 faluis
1651 2952 2136 3012 predicatoribus
2180 2956 2494 3016 auffrent
2530 2965 2558 3025 /
2576 2969 2638 3029 ad

1293 3077 1392 3137 hoc
1428 3081 1535 3141 tamen
1562 3083 1670 3143 non
1705 3089 2136 3149 obligebantur
2154 3094 2253 3154 sicut
2271 3096 2370 3156 per
2388 3098 2451 3158 se
2486 3100 2568 3160 dicit
2585 3102 2729 3162 Aposolus

1287 3206 1369 3266 primo
1404 3209 1473 3269 ad
1507 3212 1658 3272 Cornis
1679 3215 1844 3275 Qui
1899 3223 2154 3283 altario
2181 3228 2346 3288 serveit
2367 3230 2380 3290 /
2394 3231 2456 3291 de
2477 3234 2669 3294 altaio

1275 3337 1339 3397 de
1387 3342 1566 3402 edat
1598 3344 1614 3404 /
1630 3344 1704 3404 quid
1728 3346 1784 3406 si
1808 3348 2075 3408 spiritualia
2108 3352 2311 3412 vobis
2335 3363 2698 3423 seminamus

1318 3468 1611 3528 carnalia
1654 3472 1780 3532 veram
1809 3476 2022 3536 metamus
2051 3481 2198 3541 quia
2234 3489 2425 3549 sciptum
2454 3498 2528 3558 est
2550 3501 2565 3561 /
2579 3507 2674 3567 non

1324 3594 1645 3654 alligabis
1679 3597 1763 3657 os
1791 3601 1951 3661 boni
2007 3614 2335 3674 cortuantis
2362 3625 2502 3685 nulls
2536 3629 2655 3689 enim

1315 3714 1569 3774 cogitur
1602 3721 1750 3781 propriis
1770 3735 2226 3795 stimpendiariis
2252 3756 2561 3816 militare

1329 3844 1669 3904 igilis
1684 3854 1774 3914 scilicet
1781 3857 1802 3917 /
1816 3861 2108 3921 inustando
2143 3869 2331 3929 orationi
2366 3873 2429 3933 et
2463 3878 2672 3938 doctue

1301 3973 1403 4033 sicut
1418 3982 1697 4042 paulus
1726 3991 1997 4051 protrxit
2034 3996 2349 4056 predicationem
2371 4002 2576 4062 suam

1319 4105 1468 4165 uesqeus
1508 4111 1583 4171 ad
1596 4118 1839 4178 mediam
1867 4128 2083 4188 noctis
2124 4138 2361 4198 Actuum
2388 4144 2456 4204 2eo
2489 4148 2652 4208 mie¬

1320 4238 1541 4298 iis
1570 4254 1968 4314 spontaneis
2003 4268 2110 4328 vel
2153 4279 2380 4339 coactis
2416 4290 2622 4350 Aliquando

1315 4368 1451 4428 enim
1486 4385 1908 4445 ieimabant
1944 4405 2287 4465 voluntarie
2337 4418 2401 4478 ad
2416 4426 2651 4486 repres¬

1299 4502 1525 4562 sionem
1548 4513 1789 4573 carnis
1820 4518 1843 4578 /
1858 4524 2076 4584 aliquando
2091 4529 2192 4589 propter
2208 4537 2449 4597 defectum
2480 4545 2604 4605 cibi

1274 4622 1366 4682 primo
1389 4630 1541 4690 corintis
1564 4637 1634 4697 4o
1656 4642 1832 4702 vusque
1870 4651 2107 4711 adhanc
2153 4660 2314 4720 horam
2345 4669 2620 4729 esurimus

1263 4748 1321 4808 et
1353 4756 1508 4816 sitimus
1554 4763 1618 4823 In
1631 4772 1902 4832 castitate
1961 4785 2212 4845 mentis
2258 4793 2322 4853 et
2367 4800 2612 4860 corpororus

1282 4883 1489 4943 Inscica
1539 4901 1827 4961 septurarum
1860 4913 1967 4973 scilicet
1984 4919 2149 4979 quantum
2182 4928 2248 4988 ad
2281 4936 2635 4996 agnitionem

1304 5018 1530 5078 divorum
1560 5034 1825 5094 preceptorum
1863 5046 1924 5106 ad
1939 5055 2143 5115 salute
2181 5065 2483 5125 pertinencium
2521 5067 2588 5127 et

1320 5150 1639 5210 huanorum
1653 5159 1679 5219 /
1693 5163 1801 5223 vel
1842 5170 1910 5230 in
1936 5177 2221 5237 castitate
2276 5190 2445 5250 insciencia
2493 5194 2506 5254 id
2513 5194 2540 5254 et
2554 5196 2614 5256 inest

1282 5271 1577 5331 castitatem
1616 5283 1840 5343 habita
1903 5292 1967 5352 in
1975 5296 2102 5356 snciuam
2150 5304 2269 5364 glosa
2285 5308 2310 5368 id
2318 5310 2365 5370 est
2381 5318 2620 5378 nichils

3156 1131 3476 1191 adultine
3521 1146 3787 1206 oprionis
3810 1153 3833 1213 id
3840 1154 3863 1214 et
3879 1157 3977 1217 fale
4000 1164 4220 1224 dectue
4258 1169 4320 1229 ad
4335 1172 4449 1232 misi

3086 1250 3309 1310 ceanter
3342 1261 3466 1321 secundum
3483 1268 3656 1328 illud
3715 1276 3723 1336 R
3854 1283 3921 1343 pera
3978 1291 4135 1351 Non
4152 1301 4325 1361 plsus
4350 1315 4499 1375 sapere

3124 1379 3255 1439 qua
3302 1385 3379 1445 oret
3394 1390 3525 1450 sapere
3563 1400 3941 1460 Iulongatite
3971 1410 4071 1470 scilicet
4094 1423 4480 1483 exspectacionis

3112 1503 3276 1563 primi
3303 1507 3316 1567 /
3329 1511 3591 1571 pacient
3631 1518 3729 1578 scilicet
3748 1527 4149 1587 exspectando
4189 1540 4425 1600 divima

3067 1636 3337 1696 preomissa
3372 1641 3397 1701 /
3414 1643 3473 1703 et
3516 1647 3642 1707 hoc
3685 1655 3845 1715 non
3870 1663 4039 1723 solum
4065 1668 4132 1728 ad
4149 1671 4200 1731 se
4225 1674 4242 1734 /
4259 1677 4352 1737 sd
4386 1680 4487 1740 eciam

3088 1763 3152 1823 ad
3174 1762 3345 1822 alios
3395 1766 3574 1826 Unde
3609 1779 3852 1839 subditur
3866 1787 3880 1847 /
3895 1804 4430 1864 Isuavitatesicet

3111 1895 3569 1955 affabilitatis
3585 1903 3602 1963 /
3618 1907 3752 1967 que
3785 1913 3943 1973 facit
3968 1918 4018 1978 sed
4043 1926 4351 1986 hominem
4376 1935 4476 1995 sua

3105 2022 3195 2082 ve
3219 2023 3465 2083 proximo
3499 2029 3622 2089 suo
3655 2035 3836 2095 verbo
3868 2040 3935 2100 et
3967 2045 4090 2105 facto
4131 2048 4181 2108 ex
4222 2050 4526 2110 habudantus

3070 2168 3196 2228 gre
3248 2166 3635 2226 Incaritate
3687 2170 3836 2230 non
3866 2174 4015 2234 ficta
4066 2179 4096 2239 id
4104 2180 4141 2240 est
4156 2185 4424 2245 fragibi¬

3098 2296 3206 2356 vel
3242 2296 3422 2356 silata
3472 2298 3644 2358 Unde
3674 2300 3752 2360 dicit
3781 2302 3903 2362 glosa
3932 2309 4112 2369 ficta
4154 2320 4414 2380 caritas

3067 2418 3152 2478 est
3191 2418 3323 2478 que
3370 2420 3448 2480 in
3479 2425 3898 2485 adversitate
3953 2434 4201 2494 deserit
4239 2439 4403 2499 fres

3065 2543 3162 2603 primo
3178 2548 3375 2608 iohens
3407 2550 3481 2610 3o
3514 2553 3677 2613 Non
3717 2556 3987 2616 diligaus
4019 2560 4109 2620 verbo
4150 2563 4224 2623 et
4264 2568 4476 2628 ligna

3122 2670 3223 2730 sed
3270 2677 3384 2737 opere
3424 2681 3491 2741 et
3525 2685 3806 2745 veritate
3859 2688 3920 2748 Et
3960 2690 4081 2750 hoc
4122 2692 4222 2752 dicitur
4255 2692 4416 2752 contr

3062 2794 3400 2854 yspoctas
3446 2807 3592 2867 qui
3646 2813 3830 2873 aliud
3877 2816 4045 2876 verbo
4092 2818 4153 2878 et
4176 2821 4299 2881 sacto
4353 2827 4445 2887 onen¬

3105 2925 3230 2985 dunt
3271 2933 3486 2993 quam
3528 2942 3783 3002 habent
3812 2949 3971 3009 sectis
4006 2957 4324 3017 inmente

3078 3057 3262 3117 Unde
3299 3070 3571 3130 debemus
3593 3077 3710 3137 esse
3741 3084 3902 3144 perofcecti
3946 3090 4085 3150 eiam
4116 3097 4284 3157 more
4314 3104 4402 3164 berne

3121 3192 3327 3252 subdit
3369 3199 3438 3259 In
3458 3206 3630 3266 verbo
3664 3213 3933 3273 veritatis
3967 3220 4270 3280 predicando
4312 3222 4367 3282 et

3060 3330 3319 3390 loquendo
3342 3332 3358 3392 /
3381 3337 3545 3397 consqunter
3568 3344 3709 3404 vera
3757 3350 3850 3410 cum
3890 3355 4241 3415 bominibus
4265 3352 4272 3412 /
4297 3349 4429 3409 secundum

3130 3461 3298 3521 inllud
3346 3469 3546 3529 eclesiatici
3586 3476 3690 3536 2o
3738 3482 3890 3542 Aute
3922 3489 4098 3549 omnia
4138 3492 4378 3552 verbum

3084 3587 3253 3647 verax
3323 3597 3563 3657 pretedat
3612 3602 3662 3662 te
3718 3608 3971 3668 Itute
4007 3614 4113 3674 dei
4148 3617 4176 3677 id
4183 3619 4218 3679 est
4232 3623 4443 3683 indeum

3108 3714 3265 3774 non
3310 3722 3400 3782 in
3415 3728 3624 3788 vobis
3654 3736 3834 3796 spem
3864 3745 4118 3805 pomendo
4163 3754 4275 3814 vel
4320 3759 4409 3819 in¬

3062 3839 3327 3899 virtute
3367 3851 3476 3911 dei
3517 3860 3652 3920 glols
3686 3865 3693 3925 d
3706 3866 3733 3926 est
3754 3872 4052 3932 faciendo
4093 3879 4337 3939 miacula

3064 3970 3152 4030 ut
3193 3973 3255 4033 ea
3289 3980 3521 4040 faciamus
3562 3994 3958 4054 adutilitate
4012 4000 4115 4060 non
4149 4002 4401 4062 adiacta¬

3098 4101 3203 4161 ciam
3219 4106 3244 4166 /
3260 4109 3340 4169 ut
3364 4114 3428 4174 ap
3453 4119 3605 4179 preaus
3629 4124 3734 4184 dei
3775 4129 3943 4189 minist
3992 4133 4064 4193 in
4073 4140 4435 4200 suavitatem

3073 4237 3459 4297 conusacionis
3480 4248 3494 4308 /
3508 4255 3784 4315 caritatem
3818 4259 3880 4319 in
3901 4263 4059 4323 corde
4081 4266 4094 4326 /
4115 4271 4391 4331 veritatem

3074 4357 3138 4417 in
3151 4363 3407 4423 sermone
3432 4369 3446 4429 /
3459 4371 3516 4431 et
3561 4381 3810 4441 virtute
3855 4389 3932 4449 in
3957 4393 4073 4453 opere
4111 4398 4181 4458 Et
4214 4400 4329 4460 loquem

3114 4502 3233 4562 hic
3273 4505 3408 4565 glosa
3432 4509 3480 4569 ex
3511 4514 3718 4574 suppone
3751 4523 3933 4583 quani
3974 4531 4101 4591 dicerent
4156 4535 4220 4595 i
4244 4538 4435 4598 facitis

3081 4630 3416 4690 minracula
3463 4643 3604 4703 non
3624 4650 3826 4710 focitis
3846 4658 3953 4718 propter
3966 4668 4355 4728 iactancicam

3066 4747 3173 4807 vel
3212 4753 3257 4813 si
3288 4761 3580 4821 exiistia
3611 4772 3749 4832 vite
3788 4778 3933 4838 facere
3957 4784 4157 4844 possetus

3222 4904 3493 4964 sermo
3531 4913 3769 4973 primus
3807 4920 3865 4980 de
3884 4929 4289 4989 Confessione

3395 5026 3537 5086 sce
3576 5029 3711 5089 nunc
3750 5034 3909 5094 tempus
3948 5040 4311 5100 acceptabile

3430 5132 3559 5192 ecce
3604 5143 3751 5203 nunc
3796 5150 3957 5210 dies
3983 5154 4227 5214 salutis
4252 5152 4374 5212 ubs

3436 5264 3504 5324 Et
3539 5268 3625 5328 quia
3642 5273 3798 5333 pritens
3823 5283 3995 5343 tempus
4031 5281 4384 5341 acceptabile

3066 5377 3152 5437 est
3186 5381 3211 5441 /
3220 5386 3392 5446 tempus
3426 5395 3684 5455 milicie
3709 5402 3984 5462 christiare
4026 5401 4087 5461 in
4112 5399 4163 5459 so
4173 5395 4361 5455 dyalibus
