5166 7179
1570 1125 3086 1259 ut redempcionis sue celebratur sacramenta
1576 1263 3046 1403 omni circumspeccione precaveat / ne ulla
1576 1411 3094 1515 eam macula iniquitus confuscet / aut ne
1564 1540 3048 1634 duplicis corda ruga dedecoret / Quid
1560 1665 3142 1768 enim prodest forma honestatis preferens cultus
1588 1803 3078 1905 exterior / sed interiora hominum aliquorum sorde
1576 1933 3112 2059 aut contaminacione viciorum / Ecce enim Apostolus
1562 2075 3028 2179 2 Corinthiorum 6o Nunc tempus acceptabile Ecce
1560 2209 3068 2313 nunc dies salutis / in quibus bellum vi¬
1574 2344 3032 2445 ciis indicitur / et omni virtutum profectus
1578 2472 3120 2583 augetur Semper enim cristiane anime vigilandum
1564 2605 3068 2715 contra salutis adversarium fuit / ne ullus pa¬
1570 2742 3002 2854 teret locus temptatoris insidiis Sed ut
1580 2878 3000 2978 ait lleo papa in alio sermone / modo caucior
1572 2996 3062 3109 est sollicōor sollicicior est adhibenda pru¬
1572 3129 3028 3237 dencia / quando idem hostis acriori sevit
1554 3268 3056 3364 invidia / Cuius causam reddit / quia nunc in toto
1566 3391 2992 3491 mundo ei antique dominacionis auffertur
1570 3517 3032 3627 et innumera illi vasa capitis rapiuntur
1594 3655 3058 3757 scilicet per veram de peccatis contricionem Unde fremit
1596 3793 3056 3901 sicut leo antiquus hostis / ille et novum que¬
1562 3922 3010 4035 rit lucrum quod ius perdidit antiquum
1558 4054 3002 4169 attendit diligenter / si alique oves id est
1556 4185 3038 4317 fideles a gregibus neligenter evaga¬
1548 4323 3046 4445 rentur / quas per diversas voluptates in¬
1546 4477 3066 4584 ducat in diversoria mortis Inflammat
1560 4609 3056 4716 iras / nutrit odia / acuit cupiditates
1546 4729 3062 4848 irridet continenciam / incitat gulam Quem
1540 4865 3008 4981 enim / temptare non audeat / qui nec
1562 5005 3088 5115 suas fraudes / a domino nostro ihesu Cristo con¬
1550 5135 3006 5267 tinuit ut patet in ewangelio presenti Et Bernhardus
1530 5283 3038 5424 in sermone de 40ma dicit Ipsi gestamus
1534 5419 3114 5550 laqueum nostrum / ubique circumferimus inimi¬
1532 5557 3074 5701 cam carnem / hac loquor de peccato natam
3430 1159 4830 1349 in peccato nutritam / prava consuetudine viciatam
3446 1317 4808 1487 Hac utitur nos ad inpungnandum calidissimus
3446 1454 4778 1617 serpens / cui nullum alium desiderium est /
3448 1604 4778 1758 nullum studium / nullum negocium / nisi
3619 1745 4790 1902 saguinem animarum ‧ Hic est qui iugiter
3440 1883 4804 2023 machinatur malum / argute loquitur
3412 2023 4778 2155 / artificiose suggerit / callide decipit il¬
3446 2159 4810 2307 licitos motus insufflat / et venenatas
3442 2306 4770 2447 cogitaciones inflammat / movet bella /
3440 2435 4742 2573 incitat gulam / odium nutrit / movet
3444 2568 4800 2711 libidinem / desideria carnis instigat / et /
3426 2713 4782 2867 mille nocendi artibus corda hominum temptare
3422 2853 4786 3003 non cessat / Verum tamen in nobis est si vinci
3428 2991 4752 3141 voluerimus / et nemo nostrum hoc certamine
3424 3125 4764 3275 deicitur invitus quia dicitur Genesis 2o Subter te
3426 3275 4746 3400 scilicet o homo est appetitus tuus / ut tu /
3406 3403 4768 3534 dominaberis illius Salvar ergo in hodierno
3404 3549 4770 3677 ewangelio docet nos quomodo eius calliditas
3390 3711 4704 3823 possumus vitare / de quo loquendum est pro
3388 3851 4112 3959 gracia dicens Aue maria
3890 4007 4728 4129 Vctus est ihesus
3884 4175 4740 4285 in desertum a spiritu etc.
3892 4318 4764 4432 ubi supra Ex quo sequitur Assumpsit
3418 4445 4746 4563 eum dyabolus etc. Est dubitacio / quo spiritu
3402 4584 4738 4689 ductus est in desertum Respondet Gregorius omelia
3416 4714 4740 4829 16 quod absque ulla questione convenieter accipitur
3414 4840 4742 4963 ut a spiritu sancto in desertum ductus esset creditur
3404 4982 4728 5115 Et hoc idem Crisostomus omelia 7 Non sit
3400 5140 4728 5253 quasi minor maioris precepti / sed hortatur
3394 5283 4722 5399 dicens etc. ut illuc eum spiritu suus duceret
3396 5431 4710 5543 ubi hunc ad temptandum spiritus malignus
3380 5587 4682 5691 inveniret Quomodo autem ductus sit /
