5166 6804
1450 1244 1674 1304 cundia
1705 1242 1721 1302 /
1729 1241 1785 1301 sed
1801 1238 2001 1298 confesso
2032 1228 2424 1288 crustaciarum
2448 1217 2735 1277 dinee

1423 1361 1532 1421 cium
1559 1358 1697 1418 non
1724 1354 1806 1414 sic
1840 1351 2072 1411 humiliat
2120 1345 2182 1405 Et
2202 1341 2278 1401 quia
2298 1336 2483 1396 aliquando
2503 1330 2749 1390 expedit

1403 1477 1471 1537 quod
1485 1470 1742 1530 sacerdos
1775 1462 2094 1522 requirat
2148 1458 2574 1518 crummstacias
2609 1453 2771 1513 dimi

1402 1591 1619 1651 mentes
1648 1585 1734 1645 sicnut
1749 1582 1843 1642 quando
1857 1580 2010 1640 videt
2046 1580 2306 1640 confitentem
2342 1580 2501 1640 valde
2537 1580 2696 1640 agegra¬

1396 1711 1537 1771 vare
1566 1703 1749 1763 peccatum
1778 1698 1933 1758 suum
1954 1696 2033 1756 ut
2075 1696 2175 1756 eum
2196 1696 2373 1756 possit
2408 1698 2740 1758 consolari

1453 1825 1567 1885 quandeo
1593 1816 1681 1876 dicitur
1713 1811 1757 1871 de
1769 1808 1896 1868 ninia
1947 1802 2067 1862 se
2092 1800 2193 1860 gta
2256 1800 2439 1860 Semp
2496 1800 2578 1860 eum
2610 1802 2793 1862 vivet

1396 1940 1688 2000 leiviendo
1733 1925 2123 1985 mitigando
2168 1916 2498 1976 consulendo
2543 1914 2655 1974 spem
2678 1914 2850 1974 promit

1394 2058 1582 2118 tendo
1605 2053 1629 2113 /
1652 2050 1707 2110 et
1739 2042 1981 2102 loquitur
2005 2034 2122 2094 ibi
2169 2031 2232 2091 de
2255 2026 2537 2086 confessore
2584 2026 2647 2086 et
2670 2028 2796 2088 con¬

1401 2164 1640 2224 fitente
1671 2159 1694 2219 /
1709 2157 1856 2217 Atunc
1910 2153 1979 2213 in
1995 2150 2296 2210 quisitus
2326 2148 2411 2208 potest
2427 2146 2535 2206 eas
2558 2146 2704 2206 dicere
2719 2146 2727 2206 /
2751 2146 2835 2206 non

1404 2278 1483 2338 ut
1513 2275 1564 2335 se
1607 2270 1854 2330 excuset
1883 2269 1898 2329 /
1920 2268 1964 2328 sed
1978 2268 2059 2328 ut
2095 2266 2350 2326 veritatem
2386 2264 2626 2324 indeat
2662 2261 2721 2321 et
2743 2258 2822 2318 ut

1415 2394 1814 2454 inquientem
1860 2396 2175 2456 sacerdotem
2213 2400 2536 2460 informet
2574 2397 2651 2457 ne
2682 2392 2835 2452 potstas

1418 2519 1534 2579 sua
1596 2516 1667 2576 et
1690 2514 1822 2574 sennta
1876 2514 2055 2574 erret
2078 2513 2086 2573 /
2125 2512 2242 2572 oumeo
2273 2512 2428 2572 eciam
2452 2510 2700 2570 presupti
2723 2507 2824 2567 snctam

1425 2633 1561 2693 dali
1599 2630 1750 2690 debet
1773 2628 1864 2688 ut
1894 2626 2007 2686 hoc
2038 2626 2159 2686 fieri
2189 2626 2242 2686 ut
2250 2626 2303 2686 patet
2318 2626 2355 2686 ex
2386 2626 2545 2686 dictis
2590 2628 2674 2688 ut
2696 2630 2832 2690 siquis

1403 2746 1622 2806 bonus
1649 2748 1769 2808 vier
1822 2746 2095 2806 latronem
2135 2744 2288 2804 nocte
2342 2742 2408 2802 ad
2428 2739 2667 2799 moratem
2701 2737 2754 2797 se

1420 2869 1844 2929 impetentem
1875 2864 2191 2924 intrfecisset
2206 2863 2229 2923 /
2244 2862 2368 2922 talis
2391 2860 2653 2920 confitendo
2691 2858 2868 2918 debet

1460 3003 1836 3063 circumstancias
1865 2994 2073 3054 confiti
2117 2987 2608 3047 nescaindaliaret
2651 2976 2824 3036 sacramonis

1422 3133 1437 3193 /
1452 3130 1566 3190 qui
1590 3125 1733 3185 posset
1756 3121 1847 3181 eum
1885 3116 2037 3176 credere
2074 3111 2264 3171 pocata
2332 3108 2393 3168 et
2423 3108 2757 3168 homincindam

1459 3258 1664 3318 Eexquo
1687 3255 1786 3315 patet
1801 3252 1862 3312 quod
1869 3246 2128 3306 ignoranio
2166 3239 2288 3299 put
2318 3234 2471 3294 pena
2516 3232 2790 3292 orgnialis

1417 3370 1545 3430 peccati
1567 3372 1574 3432 /
1602 3372 1709 3432 nec
1752 3370 2173 3430 infirmntas
2209 3368 2308 3428 nec
2330 3365 2380 3425 pro
2401 3363 2579 3423 hnitas
2609 3360 2730 3420 talis
2758 3359 2822 3419 ad

1425 3493 1638 3553 malum
1670 3494 1749 3554 est
1781 3493 2074 3553 confitenda
2105 3492 2130 3552 /
2153 3492 2256 3552 licet
2272 3490 2431 3550 quamnque
2454 3492 2581 3552 suid
2636 3495 2826 3555 origo

1436 3620 1490 3680 et
1513 3620 1684 3680 radix
1753 3620 1962 3680 peccatorum
2010 3620 2087 3680 quia
2102 3620 2179 3680 sic
2211 3620 2303 3680 non
2326 3620 2428 3680 sunt
2458 3622 2791 3682 voluntaria

1398 3748 1406 3808 /
1430 3750 1486 3810 et
1519 3750 1665 3810 horum
1689 3750 1907 3810 confessio
1939 3748 2166 3808 magis
2198 3748 2497 3808 excusaret
2546 3752 2812 3812 peccatorem

1454 3870 1601 3930 quam
1632 3870 1925 3930 accusaret
1987 3874 2048 3934 et
2087 3877 2249 3937 tollet
2288 3883 2496 3943 causam
2526 3897 2850 3957 erubescentues

1472 3997 1646 4057 Item
1675 3994 1878 4054 maritis
1900 3994 1946 4054 ex
1983 3995 2133 4055 tolet
2170 4000 2433 4060 confitente
2471 4007 2614 4067 quam
2636 4010 2801 4070 hidli¬

1430 4118 1579 4178 aret
1603 4119 1610 4179 /
1634 4120 1971 4180 Humiliacio
2018 4120 2175 4180 autem
2207 4120 2449 4180 accepta
2504 4124 2598 4184 deo
2637 4127 2701 4187 in
2716 4132 2841 4192 con¬

1479 4236 1687 4296 fessione
1724 4238 1813 4298 est
1836 4239 1858 4299 /
1873 4239 1939 4299 et
1968 4242 2259 4302 accusacione
2310 4245 2422 4305 vnde
2436 4246 2570 4306 petit
2592 4246 2763 4306 propheta

1448 4354 1601 4414 non
1626 4350 1882 4410 declines
1920 4353 1990 4413 cor
2022 4357 2181 4417 meum
2225 4363 2296 4423 in
2309 4368 2481 4428 verba
2532 4374 2768 4434 malicie

1469 4474 1538 4534 ad
1553 4472 1912 4532 excusandas
1943 4478 2241 4538 excusaciones
2279 4485 2333 4545 in
2348 4488 2501 4548 peccatis
2539 4492 2593 4552 Et
2616 4496 2738 4556 dixi

1416 4596 1628 4656 nonter
1642 4596 1760 4656 ista
1826 4600 1980 4660 non
2017 4602 2127 4662 esse
2156 4608 2457 4668 confitenda
2494 4613 2508 4673 /
2530 4614 2611 4674 ut
2633 4616 2809 4676 sunt

1473 4714 1635 4774 pene
1659 4714 1911 4774 inflite
1961 4721 2285 4781 porigeali
2301 4726 2309 4786 /
2325 4728 2399 4788 quia
2415 4731 2521 4791 quando
2545 4732 2593 4792 est
2601 4734 2829 4794 ignorant

1446 4842 1743 4902 affectata
1802 4844 1906 4904 vel
1966 4846 2085 4906 quando
2107 4850 2263 4910 quis
2293 4853 2374 4913 habet
2397 4858 2836 4918 infirmitatem

1431 4976 1561 5036 que
1603 4971 1724 5031 sibi
1750 4970 1923 5030 plaes
1958 4970 2019 5030 et
2061 4973 2113 5033 ex
2165 4977 2294 5037 hiis
2329 4985 2519 5045 heatur
2553 4997 2812 5057 licencia

1438 5102 1709 5162 quedam
1746 5098 2031 5158 peccandi
2081 5098 2138 5158 et
2174 5098 2267 5158 ut
2303 5101 2610 5161 placentos
2646 5105 2703 5165 et
2739 5108 2831 5168 sunt

1424 5222 1777 5282 voluntarie
1829 5220 1932 5280 tunc
1977 5218 2087 5278 sunt
2125 5216 2434 5276 consitendere
2486 5218 2662 5278 verbi
2692 5219 2803 5279 graia

1442 5349 1501 5409 si
1561 5343 1713 5403 aliqui
1730 5340 1925 5400 nolunt
1977 5340 2239 5400 transiere
2273 5342 2341 5402 ad
2358 5343 2570 5403 sermons
2587 5344 2612 5404 /
2630 5344 2706 5404 ne
2731 5343 2841 5403 re¬

1437 5458 1717 5518 vocentur
1769 5454 1791 5514 a
1828 5452 2109 5512 voluntate
2161 5449 2442 5509 peccandi
2471 5448 2530 5508 per
2553 5446 2877 5506 agicionum

3203 1203 3340 1263 peccati
3364 1206 3428 1266 et
3460 1208 3620 1268 pene
3644 1205 3838 1265 debitem
3854 1203 3878 1263 /
3894 1200 4055 1260 vessi
4071 1192 4279 1252 placiene
4311 1181 4464 1241 alqa

3150 1326 3288 1386 bus
3329 1326 3394 1386 quod
3402 1326 3492 1386 non
3524 1322 3842 1382 contineatur
3867 1315 3956 1375 propter
3972 1311 4282 1371 corporalei
4314 1308 4501 1368 infir

3157 1442 3433 1502 mnitatem
3454 1440 3474 1500 /
3494 1440 3548 1500 et
3569 1440 3751 1500 plas
3791 1438 3885 1498 eis
3920 1436 4047 1496 talis
4088 1434 4445 1494 infinitas

3182 1566 3406 1626 apporita
3466 1562 3618 1622 non
3658 1560 4001 1620 excusaret
4061 1556 4239 1616 apeccato
4278 1553 4463 1613 Siliter

3178 1687 3430 1747 videtur
3469 1684 3542 1744 quod
3562 1682 3907 1742 temptaciones
3946 1678 4072 1738 non
4111 1673 4224 1733 sunt
4263 1669 4469 1729 cofitende

3224 1804 3352 1864 nisi
3383 1806 3459 1866 in
3472 1806 3701 1866 quantum
3733 1802 3828 1862 sunt
3879 1798 4113 1858 voluntaie
4152 1794 4324 1854 unde
4362 1795 4463 1855 quando

3170 1912 3339 1972 quis
3374 1918 3760 1978 voluntarie
3815 1914 4046 1974 exposit
4087 1910 4134 1970 se
4168 1910 4616 1970 temptationibus

3240 2026 3298 2086 st
3319 2030 3517 2090 faciunt
3560 2032 3669 2092 qui
3699 2032 3896 2092 vadunt
3946 2030 4012 2090 ad
4034 2026 4303 2086 spectacula
4355 2020 4369 2080 /
4384 2018 4471 2078 ut

3190 2134 3409 2194 videant
3461 2142 3590 2202 que
3634 2145 3731 2205 non
3764 2146 3957 2206 liceant
4008 2142 4325 2202 concupistetur
4370 2138 4473 2198 vel

3219 2267 3334 2327 quando
3355 2268 3512 2328 quis
3542 2265 3857 2325 temptacioni
3892 2262 4021 2322 non
4043 2258 4279 2318 resistit
4315 2256 4337 2316 /
4358 2255 4458 2315 vel

3205 2385 3700 2445 quitemptacionem
3731 2382 3784 2442 se
3815 2380 4031 2440 sponte
4070 2380 4309 2440 offerunt
4348 2380 4355 2440 /
4371 2380 4471 2440 sicut

3200 2512 3426 2572 quidam
3448 2508 3514 2568 in
3521 2506 3690 2566 vocant
3733 2504 3916 2564 dyablum
3952 2503 4040 2563 ut
4076 2502 4142 2562 ad
4157 2502 4281 2562 peccata
4332 2500 4478 2560 temptet

3210 2634 3323 2694 patet
3339 2630 3452 2690 gaitur
3467 2628 3527 2688 quod
3542 2624 3822 2684 temptatie
3861 2624 3982 2684 non
4012 2624 4095 2684 est
4117 2624 4155 2684 pr
4171 2622 4216 2682 se
4246 2620 4503 2680 confitenda

3205 2765 3259 2825 per
3292 2761 3477 2821 acrius
3511 2755 3810 2815 inquantum
3849 2752 3890 2812 est
3916 2750 4195 2810 voluntaria
4262 2744 4421 2804 Tercio
4454 2740 4540 2800 diu¬

3221 2886 3390 2946 bitatur
3414 2884 3470 2944 in
3486 2884 3775 2944 prucipanium
3815 2882 3895 2942 sit
3911 2880 4208 2940 confitendum
4240 2875 4353 2935 gonciuas
4369 2871 4489 2931 peccati

3207 3014 3314 3074 vel
3360 3011 3593 3071 circuscancia
3660 3006 3926 3066 aggravas
3973 3002 4079 3062 vel
4112 2997 4399 3057 trahens
4432 2990 4519 3050 in¬

3186 3146 3370 3206 aliud
3421 3141 3636 3201 genus
3673 3137 3798 3197 peccati
3828 3134 3835 3194 /
3864 3132 3931 3192 Et
3961 3130 4012 3190 si
4041 3129 4123 3189 sic
4160 3126 4307 3186 quid
4352 3124 4521 3184 tuuc

3182 3264 3240 3324 de
3263 3264 3373 3324 isto
3424 3262 3557 3322 qui
3594 3260 3667 3320 het
3683 3253 4014 3313 voluntatem
4043 3244 4499 3304 subtrahendi

3215 3387 3370 3447 aliquem
3384 3379 3566 3439 delocio
3602 3373 3720 3433 sacro
3756 3371 3770 3431 /
3791 3370 3847 3430 et
3882 3367 3973 3427 non
3994 3366 4086 3426 fait
4114 3360 4409 3420 congnoscere
4436 3352 4591 3412 abeam

3225 3521 3294 3581 et
3328 3512 3618 3572 inpeditur
3632 3506 3645 3566 /
3666 3503 3742 3563 an
3769 3499 3880 3559 tlis
3907 3493 4114 3553 teneatur
4135 3486 4321 3546 consiti
4355 3479 4466 3539 circum

3227 3639 3468 3699 stanciam
3495 3631 3605 3691 ista
3646 3627 3660 3687 /
3680 3621 3989 3681 trahentem
4031 3614 4086 3674 in
4106 3609 4278 3669 aliud
4319 3603 4525 3663 genus

3219 3763 3354 3823 peccati
3384 3760 3430 3820 ex
3467 3758 3595 3818 quo
3641 3754 3829 3814 opus
3859 3751 3957 3811 non
3979 3745 4206 3805 commisit
4259 3741 4334 3801 rot
4364 3735 4530 3795 allexte

3248 3884 3306 3944 de
3320 3882 3523 3942 hallis
3544 3880 3624 3940 quoa
3646 3877 3993 3937 pretencipalius
4022 3874 4072 3934 est
4088 3869 4377 3929 confitendum
4406 3858 4515 3918 gencnum

3228 4017 3312 4077 parti
3374 4010 3443 4070 et
3458 4006 3527 4066 si
3566 3999 3850 4059 voluntas
3896 3992 3949 4052 est
3966 3990 4126 4050 profecta
4203 3988 4272 4048 et
4295 3986 4487 4046 conpleta

3202 4151 3306 4211 tunc
3355 4143 3435 4203 diecet
3451 4134 3740 4194 crurscancionem
3764 4126 3949 4186 istam
3981 4122 4206 4182 confiter
4229 4121 4237 4181 /
4254 4120 4326 4180 quia
4334 4120 4398 4180 dicit
4423 4120 4543 4180 glosa

3298 4267 3399 4327 luper
3420 4264 3514 4324 isto
3540 4262 3554 4322 /
3567 4260 3742 4320 etem
3789 4256 4099 4316 iniquitates
4132 4254 4200 4314 in
4220 4252 4374 4312 corde
4415 4249 4543 4309 oper¬

3237 4394 3354 4454 quodque
3375 4389 3486 4449 vis
3527 4385 3589 4445 et
3624 4382 3727 4442 non
3740 4380 3940 4440 potes
3954 4378 3975 4438 /
3989 4378 4147 4438 deus
4175 4377 4327 4437 factum
4354 4374 4534 4434 repun¬

3193 4516 3300 4576 tat
3364 4511 3421 4571 Et
3471 4508 3578 4568 hoc
3636 4504 3721 4564 est
3764 4501 3892 4561 venum
3929 4498 3985 4558 de
3999 4495 4193 4555 plena
4257 4489 4328 4549 et
4357 4484 4535 4544 perfceta

3231 4637 3528 4697 voluntate
3580 4632 3699 4692 vel
3728 4628 3928 4688 exepore
3950 4621 4180 4681 exteiori
4202 4617 4217 4677 /
4232 4611 4477 4671 delectacio

3242 4756 3432 4816 mala
3490 4756 3971 4816 augmentaretur
3992 4751 4013 4811 /
4035 4749 4113 4809 tali
4141 4745 4254 4805 igtir
4282 4737 4375 4797 non
4389 4727 4579 4787 suffit

3202 4892 3450 4952 confiteri
3493 4887 3544 4947 se
3587 4883 3811 4943 huisse
3862 4872 4196 4932 voluntatem
4223 4858 4608 4918 subrahedi

3211 5022 3321 5082 vel
3366 5022 3381 5082 a
3410 5019 3735 5079 dultandi
3766 5012 3832 5072 sed
3861 5008 3928 5068 oret
3951 5003 4076 5063 dici
4121 4996 4188 5056 in
4202 4991 4336 5051 loco
4372 4982 4535 5042 sacco
4565 4978 4579 5038 /

3206 5149 3296 5209 quia
3321 5146 3444 5206 ista
3485 5143 3781 5203 voluntas
3839 5137 3929 5197 est
3971 5133 4143 5193 spali
4176 5124 4397 5184 precepto
4422 5116 4570 5176 prohi

3208 5276 3339 5336 bita
3404 5274 3470 5334 et
3507 5274 3620 5334 est
3648 5272 3975 5332 sacrleguer
4014 5270 4097 5330 Sed
4106 5268 4182 5328 dest
4200 5265 4295 5325 quies
4332 5263 4435 5323 ante
4454 5258 4546 5318 quiem

3211 5404 3416 5464 tenea
3474 5406 3723 5466 confiteri
3767 5402 4265 5462 cirumstancias
4302 5398 4529 5458 peccatorum
