5166 6804
1444 1063 2856 1171 posset de hoc informare / quado autem
1458 1190 2854 1299 talis interrogacio fit in iudicio legittime
1436 1312 2862 1417 ad instanciam partis / et ad interrogacionem iu¬
1446 1436 2870 1534 dicis / eciam cadit sub ista lege cuius auctoritate
1438 1552 2826 1660 roboratur iudicium illud / et de ista eciam
1426 1676 2912 1777 nichil dicam in proposito Et dixit eciam de occultis
1426 1803 2904 1898 et si talia non sunt occulta / quantum et ad factum
1434 1924 2922 2033 et personam / ita quod de hoc non est infama¬
1438 2050 2918 2153 tus aut citatus / tunc sub pena peccati gravis
1428 2175 2958 2274 tenetur / talem non infamare / nec excusat
1434 2300 2882 2390 eum in tota / aliqua comminacio aut pena
1430 2413 2892 2517 nec iudex debet / aliquem cogere ad hoc / quod
1442 2535 2858 2653 aliquis esset detractor honoris et ob hoc deo
1434 2659 2828 2763 deo odibilis Respondetur primo quod hic debent videre
1442 2789 2902 2897 consules et iudices quando aliquando sine suspi¬
1430 2921 2830 3025 cione vehementi ad verbum vnius levis per¬
1438 3043 2818 3147 sone trahunt aliquas ad cordas et ad
1419 3199 2830 3280 questiones Et hoc idem tenet heinricus de gan¬
1410 3295 2826 3407 davo quoddam questione 25 Alia est confessio in
1414 3433 2786 3526 foro consciencie / et est fassio propriorum coram homine
1424 3551 2792 3640 spe venie abtinende / et de ista est dicendum
1422 3673 2828 3771 Et ista adhuc est duplex / nam quedam est
1402 3801 2822 3913 generalis et publica que solet fieri quando sacer¬
1388 3928 2824 4045 dos vadit ad altare pro celebranda missa /
1394 4046 2764 4169 et post sermomen ad populum / Et ita religiosi
1380 4175 2860 4305 confitentur in primis et conpletorio Et ista
1366 4311 2756 4433 generalis confessio delet peccata venialia si
1394 4447 2766 4567 fit ab homine existente sine peccato mortali
1374 4573 2790 4701 et qui eam devote facit et intencione hac
1366 4699 2742 4815 facit ut deus remittat sibi peccata / talis
1364 4825 2852 4951 enim publica confessio ex misericordia dei delet veni¬
1346 4965 2790 5077 alia peccata / quantum ad culpam et quantum ad
1382 5095 2822 5225 penam / totam vel partem / et secundum quod ipsa
1374 5241 2794 5345 sit cum maiore vel minore devocione humiliacio
1374 5345 2758 5451 et displicencia peccatorum in generali / et hoc habetur
3256 1058 4610 1211 ex intencione Augustini eukiridion 15 Et alle¬
3230 1199 4574 1322 gat magister doctrine 164ti ‧ de cottidianis
3230 1317 4590 1446 inquit levibus quae peccatis / sine quibus hec
3226 1442 4572 1581 vita non ducitur / cottidiana oracio fidelium
3244 1584 4590 1707 satisfacit Et propter hoc quod dicitur ibi dimitte nobis
3232 1716 4614 1851 debita nostra / et hoc eciam petitur in illa generali
3232 1858 4646 1993 confessione ubi petitur sacerdos ut oret
3202 1992 4590 2113 pro taliter cofitente Alia est confessio peccatorum
3226 2124 4578 2251 secreta / que fit sacerdoti tamquam vicario
3202 2263 4590 2378 christi / de peccatis mortalibus /quoroum peccatorum
3206 2399 4568 2504 quis est memor / inpliri inpertiri post
3242 2528 4588 2645 suam premissam indulgenciam diligenciam /
3208 2644 4546 2765 et de circumstanciis eorumdem in quibus se
3198 2782 4578 2878 accusat voluntarie / et ista non est aliud
3210 2901 4570 3010 nisi accusacio peccatorum / peccatoris erubescencia
3186 3027 4608 3148 / et potestate ecclesie clavium applicatorum in ab¬
3226 3159 4544 3267 solucione satisfactoria / obligans penitenciam
3202 3277 4570 3397 iniunctam et acceptatam voluntarie ad
3194 3416 4566 3529 peragendum Et ista est una pars vere penitencie
3202 3549 4582 3657 de qua erit nunc videndum Ideo dubitatur
3198 3667 4578 3779 primo a quo instituta est confessio ista
3178 3798 4568 3911 occulta peccatorum sive de peccatis Respondent
3180 3924 4628 4039 doctores communiter quod confessio mentalis sive
3178 4054 4560 4173 recongnicio peccati proprii est de lege nature
3174 4194 4526 4306 ut scilicet fiat aput deum / precipue quando peccata
3148 4318 4528 4430 veniunt in memoriam / et considerantur ut
3170 4452 4520 4554 offensa dei / qui est omnium gubernator
3164 4588 4612 4691 liberalissimus / et conpuniturus est transgressores
3168 4721 4534 4826 legum suarum / et parcere vult ad ipsum rede¬
3156 4845 4526 4950 untibus / vel eciam quando deus specialiter requirit
3142 4973 4558 5088 peccati recognicionem /et propter hoc adam et cayn
3146 5103 4492 5210 reprehenduntur / quia ad monicionem dei
3154 5248 4536 5355 sua paccata recognoscere non voluerunt
3122 5372 4514 5487 / sed ultra hoc se aliquando excusaverunt
