5166 6845
738 1254 1048 1314 carnalium
1092 1254 1167 1314 in
1189 1256 1373 1316 aliud
1425 1258 1624 1318 genus
1654 1262 1780 1322 peccati
1831 1266 2002 1326 Rren

665 1372 771 1432 cium
794 1370 801 1430 /
816 1370 877 1430 et
914 1370 1072 1430 quid
1110 1370 1208 1430 tunc
1254 1373 1592 1433 faciendum
1623 1381 1706 1441 est
1744 1385 1804 1445 de
1819 1391 1978 1451 istis
2000 1400 2053 1460 que¬

710 1505 768 1565 per
776 1503 877 1563 ista
927 1498 1152 1558 faciliter
1173 1497 1434 1557 movenur
1470 1499 1536 1559 ad
1557 1506 1788 1566 tupes
1817 1520 1991 1580 cog¬

671 1631 847 1691 taciones
889 1630 1082 1690 Respondet
1099 1623 1267 1683 sanctus
1317 1619 1460 1679 Tomo
1485 1618 1644 1678 disticione
1669 1620 1745 1680 pritur
1762 1624 1871 1684 parlti,
1905 1634 1990 1694 quod

718 1759 843 1819 taliens
880 1762 1182 1822 cirmistaie
1226 1755 1462 1815 queque
1499 1752 1550 1812 in
1572 1750 1749 1810 aliud
1794 1750 1970 1810 genus

694 1874 829 1934 peccati
871 1880 1114 1940 crahinis
1140 1880 1249 1940 sunt
1274 1878 1518 1938 confitende
1552 1878 1644 1938 sicut
1669 1879 1721 1939 et
1746 1880 1854 1940 propa
1879 1886 2006 1946 peccata

675 1994 732 2054 et
775 1993 897 2053 hiis
925 1994 1053 2054 qui
1083 1997 1283 2057 talibus
1311 2005 1605 2065 moventur
1619 2008 1633 2068 /
1654 2010 1697 2070 est
1719 2010 1904 2070 sanum
1926 2010 2011 2070 con¬

717 2109 873 2169 sauum
904 2111 967 2171 quod
982 2116 1193 2176 doment
1239 2124 1473 2184 corpus
1512 2126 1668 2186 prive
1707 2124 1754 2184 pear
1762 2118 1987 2178 ieiunium

672 2223 739 2283 et
762 2227 961 2287 faciat
1006 2233 1125 2293 sibi
1154 2238 1311 2298 rem
1340 2245 1622 2305 seriosum
1667 2252 2067 2312 conssidando

692 2355 959 2415 vilitatem
1001 2360 1218 2420 peccatorum
1253 2364 1260 2424 /
1281 2369 1583 2429 pertimorem
1625 2376 1954 2436 cruciatus

668 2478 1091 2538 infernalis
1150 2479 1200 2539 pro
1222 2480 1522 2540 horrorem
1566 2484 2004 2544 dampnacionis

677 2600 730 2660 et
750 2600 829 2660 ne
856 2598 869 2658 /
888 2598 948 2658 et
975 2596 1087 2656 silia
1133 2595 1213 2655 ut
1239 2594 1583 2654 repermatur
1636 2597 1802 2657 estus
1828 2602 1999 2662 male

665 2717 911 2777 concupisiecie
940 2716 955 2776 /
976 2715 1035 2775 et
1063 2712 1367 2772 insurgat
1411 2708 1635 2768 quedam
1664 2711 1982 2771 indignaio

667 2829 728 2889 in
756 2830 846 2890 animo
873 2830 997 2890 contra
1018 2829 1128 2889 ista
1169 2827 1307 2887 vicia
1348 2826 1418 2886 Et
1452 2826 1500 2886 si
1521 2826 1638 2886 talis
1665 2831 1996 2891 diligentiam

654 2942 734 3002 fit
764 2942 778 3002 /
800 2943 853 3003 et
890 2942 1103 3002 adhuc
1140 2942 1266 3002 talis
1288 2940 1517 3000 motus
1546 2942 1738 3002 prvus
1767 2946 1871 3006 verite
1886 2949 1996 3009 vel

646 3066 1121 3126 pvaluclinacio
1154 3070 1178 3130 /
1194 3070 1291 3130 tunc
1347 3072 1459 3132 gra
1500 3073 1621 3133 que
1669 3074 1733 3134 in
1749 3074 1903 3134 sacrto
1927 3076 2080 3136 penitencie

656 3191 738 3251 unc
781 3191 953 3251 datur
981 3187 1307 3247 restaurat
1355 3184 1424 3244 in
1445 3184 1742 3244 peinitente
1797 3190 1874 3250 un
1901 3198 2019 3258 gregoris

654 3310 1030 3370 inpascorali
1079 3307 1182 3367 fit
1207 3303 1367 3363 plerum
1383 3302 1455 3362 qua
1480 3300 1575 3360 ut
1599 3301 1887 3361 pascoris
1920 3308 2016 3368 animus

693 3436 882 3496 aliena
914 3432 1195 3492 temptanita
1254 3423 1567 3483 cognoscat
1599 3417 1651 3477 et
1697 3414 1951 3474 audictis

656 3546 1129 3606 temptacionibus
1160 3544 1299 3604 eciam
1330 3542 1431 3602 ipse
1462 3540 1757 3600 pulsatur
1773 3540 1796 3600 /
1803 3540 1857 3600 sed
1874 3541 1974 3601 hec

646 3664 920 3724 nequaque
975 3664 1208 3724 pastori
1242 3663 1510 3723 timenda
1551 3661 1654 3721 sunt
1688 3660 1695 3720 /
1715 3660 1784 3720 quia
1798 3658 1976 3718 tanto

651 3779 892 3839 facilius
921 3782 943 3842 a
965 3782 1067 3842 suo
1111 3786 1300 3846 eipit
1330 3786 1345 3846 /
1359 3787 1520 3847 quato
1557 3786 1863 3846 imicordius
1900 3782 1994 3842 ex¬

655 3892 845 3952 aliena
889 3896 1291 3956 tempertacione
1335 3905 1576 3965 fitigatur
1598 3908 1612 3968 /
1628 3908 1672 3968 si
1693 3908 1773 3968 tmen
1795 3906 1862 3966 in
1884 3904 1985 3964 isto

684 4008 780 4068 sla
819 4014 1126 4074 crcvstacioe
1170 4022 1425 4082 aggravans
1462 4024 1575 4084 esset
1582 4024 1597 4084 /
1612 4024 1672 4084 et
1702 4024 1837 4084 non
1859 4020 1971 4080 que

653 4135 834 4195 duceret
877 4132 934 4192 in
956 4134 1114 4194 aliud
1173 4138 1389 4198 genus
1418 4144 1541 4204 peccati
1577 4146 2002 4206 quetemptaret

643 4250 953 4310 confitente
1008 4254 1107 4314 vel
1143 4260 1402 4320 confessore
1424 4262 1445 4322 /
1466 4262 1522 4322 et
1543 4262 1599 4322 si
1628 4261 1711 4321 non
1754 4257 2000 4317 teneretur

655 4360 732 4420 eam
758 4370 972 4430 confiteri
989 4376 1144 4436 posset
1161 4378 1427 4438 dimittere
1461 4378 1556 4438 ista
1598 4374 1736 4434 vicere
1753 4373 1770 4433 /
1796 4372 1865 4432 ad
1882 4369 1993 4429 hi¬

650 4486 763 4546 bita
811 4490 991 4550 debita
1031 4492 1259 4552 disccione
1286 4492 1306 4552 /
1326 4492 1446 4552 secundum
1466 4490 1840 4550 considacionem
1881 4488 1967 4548 tur

675 4608 916 4668 pitudins
939 4613 1204 4673 circusence
1227 4615 1292 4675 et
1308 4616 1548 4676 pronitatem
1580 4614 1637 4674 in
1653 4611 1933 4671 celinacionis

650 4732 722 4792 ad
754 4730 914 4790 peccatum
946 4730 1186 4790 exeius
1218 4734 1538 4794 confessione
1586 4736 1650 4796 in
1674 4736 1770 4796 ipso
1810 4734 1986 4794 consi¬

648 4851 813 4911 tente
852 4850 963 4910 vel
994 4853 1301 4913 insacredote
1348 4858 1419 4918 Et
1450 4859 1489 4919 si
1514 4860 1695 4920 poptrius
1710 4854 1938 4914 confessor

634 4987 730 5047 esset
747 4981 933 5041 prois
974 4980 1079 5040 vel
1111 4981 1331 5041 lastiuus
1355 4983 1363 5043 /
1387 4984 1460 5044 ad
1477 4986 1736 5046 husdicunt
1768 4980 1986 5040 confiterau¬r

645 5098 816 5158 alteri
864 5098 980 5158 vel
1007 5099 1212 5159 capiat
1254 5100 1520 5160 licenciam
1568 5100 1588 5160 a
1609 5100 1861 5160 superiori
1903 5099 2018 5159 con¬

637 5210 839 5270 fitendam
854 5208 893 5268 ex
932 5207 1049 5267 vea
1087 5207 1103 5267 /
1127 5208 1236 5268 eto
1267 5210 1414 5270 dunltur
1438 5210 1500 5270 quod
1524 5212 1570 5272 est
1585 5212 1835 5272 faciendum
1873 5210 2005 5270 ma¬

631 5320 830 5380 tuori
862 5318 918 5378 de
926 5320 1325 5380 circumstanis
1349 5324 1476 5384 que
1524 5321 1819 5381 notifficat
1850 5308 1899 5368 per
1915 5300 2010 5360 am

647 5443 850 5503 abquam
886 5447 951 5507 et
988 5449 1154 5509 eius
1197 5450 1379 5510 peactui
1400 5450 1423 5510 /
1444 5450 1538 5510 an
1567 5450 1690 5510 tales
1712 5450 1835 5510 snt
1886 5454 2024 5514 con¬

2479 1255 2720 1315 fitende
2750 1260 2855 1320 vel
2877 1262 3005 1322 non
3042 1264 3057 1324 /
3072 1264 3133 1324 de
3148 1266 3253 1326 hoc
3283 1266 3448 1326 dicunt
3485 1266 3636 1326 comuniter
3651 1264 3839 1324 dectatles

2410 1372 2476 1432 quod
2498 1372 2733 1432 nullus
2762 1374 2843 1434 det
2865 1374 2931 1434 in
2945 1374 3320 1434 confessione
3356 1374 3400 1434 per
3415 1374 3569 1434 sonam
3605 1372 3723 1432 aut

2398 1488 2575 1548 peccatum
2605 1488 2804 1548 altius
2848 1492 2958 1552 prodere
2987 1494 3032 1554 ex
3069 1496 3179 1556 hoc
3224 1498 3297 1558 quia
3319 1500 3422 1560 hoc
3467 1500 3541 1560 est
3570 1499 3849 1559 infamare

2399 1610 2594 1670 proxium
2625 1612 2696 1672 quod
2719 1613 2765 1673 est
2780 1616 2968 1676 semper
2991 1618 3170 1678 peccatum
3209 1622 3342 1682 Seio
3380 1622 3459 1682 quia
3474 1621 3536 1681 de
3552 1617 3872 1677 accusando

2419 1725 2480 1785 et
2515 1730 2886 1790 corrigendo
2942 1732 3017 1792 est
3065 1734 3264 1794 datus
3300 1736 3540 1796 modus
3567 1740 3678 1800 conptrimo
3719 1745 3801 1805 atuei

2458 1832 2584 1892 secimo
2738 1847 2893 1907 vidis
2923 1852 3070 1912 faireum
3092 1854 3209 1914 tuum
3232 1856 3408 1916 peccare
3453 1859 3607 1919 coram
3637 1863 3681 1923 te
3718 1866 3792 1926 etc.

2425 1964 2545 2024 qui
2573 1966 2819 2026 modus
2840 1970 2939 2030 ibi
2967 1974 3241 2034 puaricaumr
3262 1976 3283 2036 /
3298 1977 3424 2037 contra
3438 1979 3509 2039 quod
3530 1980 3621 2040 tamen
3642 1982 3755 2042 non

2400 2085 2506 2145 licet
2538 2090 2677 2150 age
2701 2094 2906 2154 Exquo
2938 2097 3036 2157 parus
3061 2098 3175 2158 patet
3191 2098 3264 2158 quod
3289 2098 3354 2158 in
3362 2098 3631 2158 confessione
3672 2095 3762 2155 det

2439 2210 2702 2270 quilibet
2741 2212 2888 2272 cave
2926 2214 3189 2274 diblgent
3235 2216 3312 2276 ne
3352 2216 3568 2276 aliquam
3598 2216 3637 2276 per
3660 2214 3776 2274 unam

2402 2324 2652 2384 nominent
2712 2331 2910 2391 ducte
2955 2332 3062 2392 vel
3100 2332 3176 2392 in
3191 2332 3396 2392 dircte
3419 2332 3434 2392 /
3441 2333 3532 2393 scilicet
3540 2334 3586 2394 per
3601 2334 3775 2394 circi

2407 2452 2734 2512 locaciones
2774 2454 2832 2514 et
2857 2454 2938 2514 verba
3004 2452 3061 2512 ex
3102 2450 3347 2510 quibus
3380 2452 3658 2512 confessor
3691 2462 3782 2522 potest

2398 2572 2592 2632 venie
2636 2574 2704 2634 in
2724 2576 3036 2636 congincom
3055 2576 3193 2636 parine
3230 2574 3306 2634 cum
3331 2574 3457 2634 qua
3488 2572 3744 2632 peccavit

2387 2690 2462 2750 Et
2479 2690 2528 2750 si
2561 2689 2744 2749 alicii
2778 2691 2927 2751 pricis
2968 2695 3076 2755 hoc
3127 2700 3400 2760 accidisset
3417 2704 3467 2764 ex
3500 2706 3583 2766 m
3591 2706 3807 2766 adverte

2387 2802 2468 2862 cia
2516 2804 2628 2864 vel
2661 2810 2950 2870 simplitates
2967 2815 2975 2875 /
2999 2817 3095 2877 vel
3119 2824 3538 2884 ignorabiacte
3594 2821 3755 2881 debet

2429 2922 2606 2982 dehoc
2630 2921 2636 2981 /
2654 2923 2884 2983 denovo
2926 2930 3151 2990 conteri
3198 2936 3251 2996 et
3287 2939 3523 2999 confiteri
3553 2939 3564 2999 /
3576 2937 3712 2997 qua

2417 3037 2710 3097 prosincaute
2734 3042 2901 3102 faciunt
2941 3048 3053 3108 qui
3076 3053 3267 3113 confinterats
3291 3056 3419 3116 peccata
3474 3060 3681 3120 accusat

2397 3156 2574 3216 alias
2614 3159 2810 3219 noati
2838 3163 2851 3223 /
2872 3164 2994 3224 qui
3034 3167 3122 3227 eis
3150 3171 3366 3231 fuerunt
3413 3177 3637 3237 occasio
3664 3179 3678 3239 /
3698 3181 3745 3241 et

2412 3288 2467 3348 per
2483 3285 2576 3345 hoc
2622 3284 2801 3344 volunt
2847 3286 2902 3346 se
2925 3291 3198 3351 excustore
3221 3296 3244 3356 /
3259 3298 3306 3358 et
3322 3300 3446 3360 simiter
3477 3302 3562 3362 isti
3578 3302 3625 3362 qui
3648 3299 3772 3359 nter

2412 3402 2632 3462 rogati
2683 3404 2858 3464 decetis
2884 3409 3041 3469 peccatis
3073 3414 3224 3474 dicunt
3275 3420 3419 3480 dicut
3463 3422 3570 3482 ego
3596 3420 3690 3480 non

2386 3524 2495 3584 feci
2503 3522 2520 3582 /
2528 3522 2596 3582 sed
2612 3524 2838 3584 vicinus
2854 3527 2955 3587 vel
2988 3533 3205 3593 vicina
3248 3538 3314 3598 Et
3332 3540 3449 3600 simiter
3474 3542 3566 3602 isti
3624 3539 3741 3599 qui

2430 3644 2510 3704 ut
2538 3642 2610 3702 in
2625 3642 2761 3702 suis
2797 3645 2962 3705 peccatis
2983 3651 3128 3711 minus
3156 3659 3487 3719 considentr
3509 3664 3523 3724 /
3530 3666 3710 3726 dicunt

2392 3764 2514 3824 ego
2545 3764 2769 3824 commisi
2823 3766 2938 3826 hoc
2977 3772 3155 3832 peccatum
3185 3776 3247 3836 sed
3270 3777 3355 3837 est
3378 3781 3563 3841 valde
3609 3780 3747 3840 quem

2386 3886 2681 3946 incuice
2717 3886 2818 3946 vel
2861 3888 3019 3948 villa
3070 3892 3192 3952 nostra
3221 3894 3235 3954 /
3250 3895 3329 3955 uel
3358 3897 3480 3957 nos
3509 3898 3682 3958 omnes
3711 3897 3825 3957 suus

2412 4010 2532 4070 tales
2562 4012 2576 4072 /
2584 4012 2711 4072 qui
2735 4011 2862 4071 enim
2892 4010 2960 4070 in
2968 4010 3170 4070 famant
3208 4012 3410 4072 proximons
3470 4014 3718 4074 denovo

2378 4127 2574 4187 peccatatu
2627 4132 2717 4192 Sed
2733 4134 2815 4194 diecet
2830 4134 2913 4194 quias
2935 4134 3003 4194 quod
3033 4134 3078 4194 est
3093 4132 3373 4192 faciendum
3410 4132 3470 4192 de
3485 4132 3620 4192 peccato
3673 4134 3733 4194 et

2382 4252 2783 4312 cirumstaciis
2830 4256 2948 4316 que
2987 4256 3090 4316 non
3106 4258 3263 4318 petenter
3287 4258 3515 4318 confiteri
3538 4260 3664 4320 nisi
3688 4262 3766 4322 quis

2378 4374 2681 4434 confiteaur
2706 4376 2723 4436 /
2739 4376 2799 4436 et
2832 4372 3177 4432 manifestat
3212 4370 3363 4430 aliam
3380 4370 3430 4430 per
3447 4372 3548 4432 iam
3573 4377 3758 4437 pespoindet

2365 4486 2442 4546 secus
2477 4486 2541 4546 ns
2548 4486 2710 4546 sticione
2745 4486 2823 4546 phritur
2844 4484 2914 4544 4t
2957 4484 3077 4544 quatne
3127 4484 3218 4544 4te
3254 4486 3592 4546 insoluciore
3641 4490 3790 4550 ulpre

2382 4612 2516 4672 ronis
2557 4612 2623 4672 quod
2640 4610 2881 4670 quilibet
2914 4607 2981 4667 in
2989 4602 3255 4662 confessione
3296 4598 3371 4658 det
3388 4596 3595 4656 famam
3620 4599 3771 4659 altius

2366 4732 2673 4792 custedire
2698 4729 2936 4789 quantum
2962 4723 3055 4783 potest
3072 4721 3132 4781 et
3158 4717 3285 4777 siam
3310 4714 3557 4774 conscienciam
3600 4715 3795 4775 magnis

2407 4852 2702 4912 prurgare
2727 4850 2808 4910 debet
2834 4847 2909 4907 Et
2940 4844 3009 4904 ideo
3034 4838 3303 4898 cirustancia
3342 4832 3460 4892 que
3498 4830 3724 4890 inducit

2384 4964 2466 5024 in
2489 4961 2817 5021 congnicionem
2840 4959 2893 5019 per
2915 4957 2990 5017 e
3027 4956 3109 5016 sit
3154 4954 3214 5014 de
3236 4951 3416 5011 necessitate
3446 4944 3782 5004 confessionis

2383 5082 2512 5142 secundum
2534 5080 2799 5140 regulam
2822 5076 3025 5136 datam
3064 5074 3169 5134 tunc
3222 5070 3297 5130 det
3313 5068 3555 5128 confiteri
3592 5068 3728 5128 ocul

2393 5196 2604 5256 tando
2641 5194 2762 5254 paria
2814 5194 3024 5254 quantum
3047 5194 3153 5254 potest
3197 5193 3265 5253 vi
3296 5191 3400 5251 aut
3430 5189 3521 5249 isto
3558 5182 3784 5242 cruscacio

2431 5323 2515 5383 non
2547 5319 2625 5379 est
2670 5313 2820 5373 necessiria
2846 5310 3098 5370 confitenda
3137 5308 3150 5368 /
3163 5308 3318 5368 debet
3344 5306 3448 5366 isto
3486 5302 3804 5362 circuscaninum

2377 5435 2656 5495 dimitere
2675 5434 2701 5494 /
2718 5434 2796 5494 ne
2822 5432 2988 5492 peccatum
3024 5430 3260 5490 alteuis
3286 5432 3435 5492 proart
3478 5435 3680 5495 Exquo
3706 5441 3810 5501 patet
