5166 6845
723 1126 1021 1186 confracta
1085 1117 1168 1177 est
1210 1114 1258 1174 ad
1287 1111 1432 1171 ultera
1496 1108 1620 1168 aniam
1663 1109 1815 1169 eius
1844 1113 1941 1173 de¬

630 1254 736 1314 hoc
783 1249 1021 1309 multum
1060 1238 1251 1298 valet
1345 1229 1413 1289 ut
1444 1226 1728 1286 peitens
1752 1230 1759 1290 /
1783 1238 1943 1298 taquam

644 1377 897 1437 pratum
931 1370 979 1430 se
1030 1363 1283 1423 mergat
1342 1358 1374 1418 in
1432 1356 1620 1416 mare
1670 1358 1956 1418 lacrmarum

610 1507 675 1567 quia
710 1501 932 1561 tamquae
959 1490 1215 1550 superbus
1258 1478 1473 1538 aliem
1499 1472 1756 1532 homorem
1782 1474 1880 1534 sibi
1915 1478 1988 1538 v¬

660 1622 808 1682 dicat
866 1615 922 1675 et
951 1610 1057 1670 deum
1079 1603 1241 1663 quantum
1263 1598 1291 1658 in
1342 1593 1433 1653 ipso
1455 1587 1582 1647 fuit
1612 1584 1632 1644 /
1647 1582 1739 1642 suo
1782 1580 1959 1640 honde

659 1729 831 1789 debito
872 1720 1117 1780 privavit
1151 1714 1157 1774 /
1185 1710 1337 1770 debet
1371 1704 1490 1764 eciam
1524 1698 1736 1758 penites
1763 1694 1935 1754 quasi

613 1844 821 1904 vimus
843 1839 1065 1899 sepelri
1130 1833 1201 1893 Vt
1238 1830 1323 1890 scilicet
1338 1825 1495 1885 quai
1539 1820 1574 1880 in
1633 1814 1955 1874 monsterio

647 1968 675 2028 in
720 1963 917 2023 clisus
947 1956 1196 2016 cohibeat
1242 1950 1439 2010 aludis
1462 1947 1505 2007 et
1535 1941 1836 2001 spectatuilis
1866 1937 1953 1997 sauli

608 2092 722 2152 qui
740 2083 994 2143 prfctam
1028 2076 1142 2136 ralt
1184 2069 1471 2129 confequi
1538 2066 2022 2126 remissiosgcia¬

614 2216 673 2276 et
733 2213 820 2273 dicit
858 2209 946 2269 Mt
991 2205 1043 2265 de
1073 2203 1139 2263 t
1177 2200 1228 2260 ib6
1288 2198 1412 2258 4im
1458 2195 1709 2255 Aludis
1754 2196 1827 2256 no
1872 2201 1938 2261 ho

643 2335 837 2395 nestis
858 2332 864 2392 /
878 2329 971 2389 sicut
992 2325 1065 2385 est
1106 2320 1320 2380 cantris
1361 2313 1555 2373 mecclesia
1597 2308 1663 2368 bot
1698 2305 1764 2365 dicit
1812 2298 1945 2358 Brda

609 2473 654 2533 sed
678 2456 1035 2516 eturpibus
1075 2445 1127 2505 et
1166 2442 1371 2502 coreis
1403 2436 1806 2496 hastiludiis
1845 2426 1936 2486 ec.m

651 2584 802 2644 Ibioe
834 2576 955 2636 dicit
994 2568 1244 2628 exautate
1290 2561 1411 2621 gregorius
1428 2559 1434 2619 /
1466 2557 1541 2617 iod
1564 2555 1746 2615 miles
1778 2553 1837 2613 vel
1861 2552 1936 2612 ne

614 2707 886 2767 Eociator
930 2696 1038 2756 vel
1089 2689 1253 2749 alicu
1341 2681 1541 2741 offico
1585 2676 1858 2736 dedicus
1873 2674 1887 2734 /
1902 2674 1951 2734 quod

662 2819 762 2879 sine
809 2812 932 2872 peccato
972 2806 1174 2866 exerceri
1221 2802 1313 2862 non
1353 2799 1461 2859 potest
1477 2795 1849 2855 recggnoscat
1881 2789 1935 2849 se

635 2941 817 3001 veram
841 2930 1039 2990 penitenciam
1071 2926 1162 2986 non
1178 2924 1338 2984 posse
1393 2924 1445 2984 per
1469 2921 1598 2981 agere
1645 2917 1698 2977 Et
1729 2912 1797 2972 dicit
1836 2903 1950 2963 Eerda

677 3069 897 3129 Distis
925 3060 1082 3120 quis
1118 3054 1214 3114 potest
1229 3051 1297 3111 bent
1373 3045 1462 3105 uti
1498 3042 1559 3102 ut
1587 3040 1634 3100 si
1663 3034 1848 3094 miles
1870 3029 1972 3089 nulli

620 3178 647 3238 in
704 3178 923 3238 urietr
995 3176 1072 3236 Si
1108 3172 1425 3232 mercator
1469 3166 1787 3226 neminem
1809 3162 1949 3222 circum¬

653 3293 875 3353 vemat
907 3296 922 3356 /
939 3296 1009 3356 Si
1043 3296 1344 3356 tbeolone
1384 3291 1494 3351 ius
1512 3287 1598 3347 non
1623 3283 1861 3343 exigact

641 3391 736 3411 zoll
678 3424 929 3484 vectigal
981 3424 1016 3484 in
1075 3423 1413 3483 moderatum
1450 3422 1528 3482 Si
1558 3420 1932 3480 institutulex

621 3550 770 3610 certa
826 3549 879 3609 et
914 3548 1057 3608 utili
1092 3548 1275 3608 tarisa
1331 3548 1446 3608 Sed
1488 3548 1555 3608 quia
1590 3548 1706 3608 istis
1734 3550 1972 3610 anmore

633 3666 717 3726 sunt
756 3666 972 3726 multe
1042 3666 1336 3726 abusions
1391 3666 1451 3726 de
1491 3668 1621 3728 hiis
1661 3670 1791 3730 laquitur
1808 3673 1961 3733 gregorius

623 3781 665 3841 Iin
716 3783 875 3843 iuste
926 3786 983 3846 de
1005 3786 1229 3846 cepciones
1273 3789 1539 3849 exaccons
1576 3791 1648 3851 etc.
1692 3794 1850 3854 unde
1887 3798 1944 3858 si

624 3906 829 3966 mles
870 3907 1019 3967 pius
1044 3909 1217 3969 focut
1258 3910 1289 3970 in
1354 3910 1551 3970 iustum
1568 3908 1773 3968 bellum
1790 3904 1844 3964 et
1893 3901 1971 3961 de¬

623 4030 735 4090 hoc
784 4026 1091 4086 infortus
1133 4026 1220 4086 est
1262 4026 1302 4086 in
1368 4024 1706 4084 confessione
1757 4016 1933 4076 debet

615 4143 855 4203 dimitte
924 4147 1089 4207 Siliter
1105 4148 1112 4208 /
1128 4148 1179 4208 si
1218 4146 1541 4206 merator
1595 4146 1895 4206 defraude
1942 4148 1986 4208 at

622 4262 650 4322 in
716 4265 897 4325 iustitr
927 4267 1015 4327 est
1066 4270 1452 4330 informatus
1482 4272 1795 4332 dimittat
1840 4272 1860 4332 /
1883 4272 1984 4332 vel

618 4380 758 4440 qua
803 4383 928 4443 nis
960 4386 1085 4446 care
1138 4389 1427 4449 vrendidit
1465 4392 1478 4452 /
1509 4394 1672 4454 Siliter
1688 4395 1739 4455 si
1769 4398 1976 4458 thlo

627 4504 895 4564 narius
925 4508 1027 4568 scit
1071 4510 1143 4570 quod
1166 4512 1348 4572 muta
1393 4512 1472 4572 quod
1502 4514 1581 4574 sit
1626 4514 1661 4574 in
1728 4514 1895 4574 iuste
1932 4516 1968 4576 in

636 4626 827 4686 stituta
895 4630 953 4690 et
988 4632 1063 4692 sun
1114 4634 1297 4694 causa
1374 4633 1565 4693 debet
1616 4630 1967 4690 refignare

619 4748 781 4808 oſsium
821 4750 992 4810 alias
1032 4750 1109 4810 vere
1149 4749 1241 4809 non
1289 4748 1593 4808 peiterem
1617 4746 1648 4806 /
1672 4746 1788 4806 ſʒimm
1820 4748 1983 4808 ofsiui¬

633 4880 907 4940 confessoris
952 4880 1032 4940 est
1087 4880 1147 4940 ut
1193 4880 1263 4940 sit
1300 4880 1512 4940 quasi
1558 4878 1841 4938 pacistens
1887 4873 1939 4933 et

636 5003 907 5063 arbicrtor
964 5007 1035 5067 ad
1068 5008 1516 5068 satisfaciendum
1549 5006 1804 5066 pacem
1845 5004 1980 5064 inter

629 5122 769 5182 deum
804 5127 860 5187 et
895 5130 1203 5190 hominem
1253 5131 1309 5191 Et
1366 5130 1589 5190 adhoc
1639 5129 1905 5189 requritur
1927 5130 1989 5190 ut

631 5268 667 5328 in
723 5272 897 5332 iste
944 5276 1203 5336 ablatum
1241 5272 1536 5332 restituatur
1555 5267 1665 5327 parti
1703 5262 1960 5322 spoliati

2396 1104 2455 1164 et
2486 1101 2590 1161 hoc
2637 1100 2718 1160 est
2764 1101 3042 1161 fundus
3081 1107 3275 1167 homo
3329 1110 3426 1170 scilicet
3442 1110 3561 1170 met
3608 1107 3720 1167 red¬

2387 1228 2534 1288 deat
2600 1228 2673 1288 ad
2699 1229 2821 1289 domum
2847 1232 3002 1292 suum
3052 1235 3059 1295 a
3093 1236 3232 1296 quo
3274 1235 3528 1295 profugit
3587 1228 3602 1288 2

2369 1361 2433 1421 quod
2467 1355 2597 1415 etiam
2630 1352 2874 1412 rescitua
2989 1357 3274 1417 fructus
3291 1360 3298 1420 /
3324 1362 3437 1422 vam
3463 1361 3690 1421 cautioem

2388 1489 2594 1549 faciat
2638 1484 2688 1544 si
2724 1484 2914 1544 alias
2949 1484 3052 1544 non
3079 1487 3258 1547 possit
3304 1489 3346 1549 se
3399 1494 3716 1554 redditurum

2398 1604 2452 1664 et
2500 1604 2561 1664 ad
2582 1604 2683 1664 hoc
2732 1604 2868 1664 tene
2923 1604 3167 1664 penites
3223 1606 3277 1666 et
3312 1607 3379 1667 quia
3414 1609 3509 1669 deo
3557 1612 3645 1672 non

2420 1738 2523 1798 potest
2545 1732 2732 1792 plene
2782 1727 2997 1787 redoetur
3033 1723 3331 1783 contentas
3367 1722 3408 1782 est
3429 1722 3463 1782 in
3521 1722 3728 1782 curucione

2364 1860 2504 1920 que
2571 1856 2654 1916 est
2705 1849 3044 1909 firmitas
3087 1840 3244 1900 bonim
3270 1834 3518 1894 propositi
3570 1830 3626 1890 de
3652 1828 3742 1888 non

2392 1983 2663 2043 cadendo
2701 1976 2859 2036 iterum
2891 1968 3067 2028 Ham
3093 1961 3257 2021 votum
3296 1956 3396 2016 vel
3447 1950 3712 2010 vamtum

2371 2109 2504 2169 nec
2555 2106 2706 2166 etiam
2732 2101 2798 2161 sim
2874 2096 2916 2156 r
2959 2088 3219 2148 promisso
3270 2077 3453 2137 nullum
3480 2072 3605 2132 enim
3631 2070 3756 2130 horum

2404 2230 2571 2290 trium
2585 2229 2605 2289 /
2619 2228 2685 2288 dicit
2734 2222 3057 2282 rolhelus
3091 2211 3339 2271 exigendum
3380 2204 3649 2264 apinitente

2378 2345 2463 2405 ne
2514 2348 2635 2408 fiat
2686 2348 2751 2408 ei
2787 2343 3031 2403 laques
3068 2335 3318 2395 maiors
3354 2330 3541 2390 rune
3599 2330 3691 2390 Sed

2365 2470 2448 2530 tamen
2492 2470 2575 2530 debet
2593 2469 2720 2529 que
2805 2466 2821 2526 /
2839 2464 2914 2524 an
2983 2462 3059 2522 sic
3102 2455 3373 2515 prpomao
3433 2451 3508 2511 fit
3551 2450 3694 2510 ecam

2366 2592 2481 2652 pax
2557 2594 2606 2654 per
2624 2591 2981 2651 consensum
3007 2579 3214 2639 cordis
3256 2574 3438 2634 adeor
3481 2574 3530 2634 per
3564 2575 3688 2635 hac

2376 2716 2603 2776 viam
2635 2712 2916 2772 confessor
2965 2705 3129 2765 facit
3177 2700 3349 2760 pacem
3374 2696 3655 2756 interideum

2437 2839 2491 2899 et
2527 2838 2831 2898 hominem
2873 2834 2997 2894 quando
3019 2828 3274 2888 inducit
3316 2818 3634 2878 pnitentem

2443 2957 2492 3017 ad
2514 2956 2729 3016 forndum
2759 2955 2815 3015 se
2859 2953 3009 3013 domine
3067 2948 3274 3008 volumntati
3325 2944 3475 3004 quam
3498 2942 3532 3002 in
3570 2942 3676 3002 parte

2381 3079 2533 3139 scire
2572 3077 2769 3137 conspirite
2801 3074 2815 3134 /
2839 3073 2899 3133 et
2946 3068 3183 3128 penetenciam
3214 3062 3481 3122 imponlere
3512 3060 3519 3120 /
3535 3058 3664 3118 2m

2392 3199 2441 3259 ea
2498 3199 2510 3259 /
2536 3198 2585 3258 et
2624 3196 2718 3256 tunc
2769 3192 2931 3252 deus
2964 3183 3258 3243 ratiqscatis
3309 3175 3321 3235 2
3442 3170 3604 3230 illud

2379 3331 2493 3391 Mt
2527 3325 2584 3385 ib
2675 3315 3011 3375 Quotunmque
3046 3305 3332 3365 ligavis
3374 3300 3505 3360 super
3522 3295 3718 3355 triam

2418 3448 2524 3508 ffit
2574 3443 2708 3503 eciam
2737 3439 2843 3499 pax
2900 3433 3091 3493 aliquando
3121 3424 3467 3484 muneribus
3503 3419 3559 3479 ad
3581 3418 3644 3478 cona

2388 3572 2593 3632 homo
2631 3565 2728 3625 non
2765 3559 2958 3619 oblitur
2995 3553 3123 3613 dare
3190 3545 3311 3605 quo
3379 3542 3427 3602 et
3470 3540 3633 3600 modo

2423 3698 2526 3758 pox
2587 3692 2794 3752 pcuratur
2813 3687 2855 3747 per
2873 3682 3131 3742 confessore
3167 3675 3183 3735 /
3193 3673 3305 3733 quando
3324 3668 3539 3728 pemites
3574 3662 3651 3722 alud

2409 3834 2583 3894 aliquedm
2612 3824 2702 3884 deo
2731 3817 2982 3877 peromittit
3053 3810 3122 3870 ad
3158 3807 3227 3867 quod
3256 3803 3374 3863 non
3424 3794 3634 3854 obletur

2409 3961 2482 4021 ut
2524 3954 2580 4014 per
2598 3945 2924 4005 gorginiationem
2958 3938 3047 3998 certa
3089 3934 3210 3994 opera
3252 3927 3423 3987 petatis
3481 3915 3595 3975 4m

2443 4081 2619 4141 offm
2664 4076 2752 4136 est
2805 4069 3034 4129 medici
3079 4063 3137 4123 de
3160 4057 3292 4117 quo
3330 4050 3440 4110 patet
3463 4042 3625 4102 apnuo

2406 4208 2700 4268 serimonis
2760 4199 2962 4259 utum
2988 4190 3080 4250 est
3123 4181 3409 4241 obstetois
3435 4172 3519 4232 quia
3545 4169 3670 4229 sicut

2366 4323 2789 4383 obstetribus
2845 4317 3192 4377 pandunt
3241 4304 3691 4364 occultissime

2425 4446 2480 4506 de
2508 4446 2772 4506 quibus
2807 4444 2993 4504 feme
3049 4437 3312 4497 multum
3348 4426 3527 4486 alias
3563 4414 3714 4474 eru¬

2370 4572 2632 4632 bestent
2690 4571 2780 4631 sic
2814 4567 3150 4627 confessoribu
3258 4559 3314 4619 et
3340 4556 3438 4616 propter
3463 4551 3742 4611 educionem

2362 4700 2535 4760 partus
2574 4698 2823 4758 tenelli
2869 4693 2921 4753 et
2959 4687 3329 4747 conpassionem
3414 4682 3534 4742 Hec
3580 4682 3715 4742 tota

2373 4826 2677 4886 bigilancia
2727 4815 3032 4875 studendum
3065 4807 3155 4867 est
3206 4802 3526 4862 observari
3586 4805 3749 4865 con¬

2375 4950 2775 5010 fessoribus
2830 4941 2913 5001 ut
2954 4934 3145 4994 tanta
3200 4927 3276 4987 sit
3331 4923 3422 4983 eor
3517 4922 3792 4982 mititas

2406 5072 2433 5132 in
2523 5072 2884 5132 educendum
2920 5060 3266 5120 horrendis
3302 5051 3516 5111 peccatorum
3545 5048 3669 5108 mon

2373 5184 2550 5244 stris
2590 5186 2853 5246 fetibus
2877 5186 2899 5246 /
2924 5182 3187 5242 inlucem
3212 5170 3707 5230 confessiomibus

2415 5303 2474 5363 et
2521 5307 2778 5367 precipue
2824 5307 2959 5367 peccatā
3036 5301 3264 5361 carnis
3333 5295 3385 5355 de
3409 5290 3681 5350 quibus
