5166 6804
1474 1210 1654 1270 deus
1723 1207 1875 1267 volt
1889 1206 2262 1266 oblist,
2303 1206 2442 1266 quo
2497 1206 2621 1266 volt
2649 1206 2732 1266 ea
2773 1206 2884 1266 re-

1477 1328 1628 1388 duci
1683 1326 1766 1386 ad
1766 1326 2096 1386 moriam
2151 1326 2234 1386 sui
2316 1329 2564 1389 mistri,
2605 1330 2701 1390 qui
2756 1332 2853 1392 locum

1466 1450 1678 1510 puis
1692 1448 1889 1508 tenet
1904 1450 2158 1510 qualis
2214 1453 2313 1513 et
2341 1456 2638 1516 confessor
2638 1458 2751 1518 et
2751 1458 2822 1518 et

1469 1570 1775 1630 confessio
1775 1570 1860 1630 fit
1911 1571 1997 1631 par
2048 1575 2405 1635 absolucionem
2457 1580 2525 1640 et
2542 1586 2831 1646 satisfiez

1445 1697 1505 1757 pro
1685 1692 1880 1752 ista
1910 1692 2030 1752 pus
2075 1695 2150 1755 in
2195 1698 2315 1758 alia
2360 1705 2780 1765 confessione
2795 1708 2840 1768 pro

1464 1824 1772 1884 cesserim,
1816 1823 1890 1883 et
1919 1824 2051 1884 dicto
2066 1827 2286 1887 nonte
2315 1832 2403 1892 non
2403 1834 2492 1894 tens
2521 1836 2594 1896 que
2624 1838 2858 1898 consultu

1476 1950 1545 2010 et
1613 1954 1837 2014 multis
1871 1954 1940 2014 qi
1958 1954 2284 2014 faciat
2319 1954 2560 2014 alten
2611 1958 2715 2018 ſel
2749 1961 2818 2021 ſc

1467 2073 1756 2133 faciendo
1801 2076 2090 2136 qualem
2166 2076 2424 2136 confessibus
2500 2074 2592 2134 et
2622 2072 2850 2132 papie

1465 2204 1504 2264 tu
1582 2203 1699 2263 tunc
1725 2201 1816 2261 quam
1855 2198 2037 2258 suis
2076 2194 2323 2254 curatus
2349 2190 2661 2250 sacerdos
2687 2190 2817 2250 hoc

1474 2325 1654 2385 petit
1682 2323 1765 2383 sie
1834 2320 1931 2380 ut
1986 2316 2180 2376 magis
2221 2312 2525 2372 agnoscat
2622 2312 2830 2372 voltum

1486 2451 1754 2511 pectois
1768 2447 1825 2507 ſi
1924 2444 2008 2504 Et
2037 2442 2107 2502 si
2135 2440 2362 2500 subditu
2432 2438 2686 2498 regret
2729 2442 2856 2502 iſt

1476 2575 1743 2635 obstaret
1805 2568 2025 2628 spele
2072 2568 2134 2628 in
2166 2570 2432 2630 peditum,
2479 2572 2526 2632 ut
2589 2575 2745 2635 forte
2792 2576 2839 2636 que

1495 2702 1755 2762 aliqua
1772 2695 1945 2755 pta
1997 2694 2084 2754 sibi
2153 2696 2378 2756 confiti
2448 2700 2569 2760 non
2621 2702 2725 2762 posse
2811 2702 2881 2762 al

1454 2836 1597 2896 si
1669 2821 2043 2881 reuelatos
2086 2822 2316 2882 atque
2387 2831 2488 2891 sibi
2545 2838 2675 2898 note
2732 2847 2876 2907 vel

1459 2949 1565 3009 ab
1717 2940 1869 3000 eis
1899 2940 2218 3000 ſcandallo
2233 2947 2354 3007 ut
2385 2952 2491 3012 dcm
2597 2959 2658 3019 eſt
2688 2962 2810 3022 ſup

1462 3067 1550 3127 et
1550 3062 1814 3122 prebit
1843 3061 2166 3121 inferius
2210 3070 2547 3130 amplius
2591 3082 2723 3142 sed
2738 3089 2914 3149 dicet

1471 3184 1654 3244 quis
1682 3184 1865 3244 quid
1907 3186 2006 3246 eſt
2034 3186 2091 3246 ſi
2119 3188 2401 3248 costens
2443 3197 2795 3257 popiam

1472 3308 1803 3368 confessione
1848 3309 2074 3369 passus
2134 3313 2435 3373 recidina
2465 3318 2525 3378 in
2585 3321 2751 3381 aliud
2811 3326 2856 3386 ul

1474 3423 1721 3483 multa
1776 3432 1900 3492 porta
1969 3436 2133 3496 mea
2243 3442 2422 3502 nunque
2463 3446 2628 3506 racione
2697 3450 2820 3510 mag

1469 3552 1763 3612 tudinis
1794 3561 2089 3621 reuint
2135 3568 2274 3628 pora
2336 3573 2429 3633 ita
2491 3577 2522 3637 et
2553 3583 2848 3643 aliis

1465 3674 1623 3734 teenen
1671 3680 1860 3740 confitur
1924 3686 2098 3746 omnia
2113 3692 2287 3752 portam
2335 3698 2524 3758 preterita
2556 3702 2619 3762 cum
2667 3706 2872 3766 presentibus

1459 3803 1536 3863 Q
1582 3802 1720 3862 ista
1766 3803 1997 3863 fuerat
2059 3814 2259 3874 cause
2289 3820 2397 3880 seu
2443 3826 2797 3886 retor

1484 3921 1561 3981 et
1561 3927 1945 3987 traxerit
1976 3933 2022 3993 in
2052 3935 2144 3995 ea
2191 3938 2267 3998 et
2298 3944 2697 4004 disposuert
2713 3950 2897 4010 hieʒ

1467 4054 1744 4114 apperpetuum
1882 4052 1944 4112 et
2005 4054 2082 4114 ut
2144 4057 2144 4117 de
2221 4060 2298 4120 gar
2421 4068 2559 4128 ane
2575 4069 2606 4129 si
2682 4072 2836 4132 super

1476 4174 1868 4234 Eʒechiele
1895 4176 2078 4236 hic
2130 4177 2209 4237 est
2261 4179 2497 4239 durus
2536 4182 2837 4242 allexand

1455 4295 1518 4355 de
1550 4290 1771 4350 hallis
1850 4286 1929 4346 in
1976 4286 2102 4346 carta
2118 4288 2260 4348 parte
2291 4289 2481 4349 summe
2575 4293 2765 4353 dictes
2780 4295 2859 4355 que

1466 4404 1640 4464 quia
1713 4404 2004 4464 derunt
2091 4408 2309 4468 suffice
2367 4412 2599 4472 confite
2672 4412 2832 4472 nouit

1478 4522 1682 4582 pectu
1761 4522 1824 4582 de
1949 4524 2153 4584 dicit
2169 4526 2279 4586 quod
2295 4525 2405 4585 hoc
2420 4521 2829 4581 viderminis

1470 4639 1691 4699 applicare
1747 4643 1913 4703 conta
2042 4644 2097 4704 cum
2152 4644 2263 4704 pactum
2392 4642 2577 4702 novit
2650 4636 2853 4696 perpetuum

1448 4758 1680 4818 possit
1711 4760 1835 4820 esse
1850 4760 2021 4820 pena
2082 4762 2253 4822 petiti
2284 4760 2376 4820 patri
2469 4760 2531 4820 et
2562 4758 2655 4818 sic
2655 4754 2903 4814 sacerdos

1475 4881 1623 4941 non
1672 4882 1869 4942 posset
1934 4881 2229 4941 sufficient
2279 4879 2475 4939 deposito
2508 4876 2689 4936 novit
2787 4872 2902 4932 perpe

1463 5020 1479 5080 et
1620 5016 1871 5076 judicare
1981 5012 2122 5072 nisi
2153 5010 2357 5070 noster
2420 5006 2624 5066 causam,
2687 5001 2812 5061 eius

1447 5131 1582 5191 que
1616 5132 1767 5192 fuit
1801 5132 1885 5192 pt
1936 5134 2340 5194 pcedens
2374 5136 2441 5196 et
2492 5138 2626 5198 hoc
2626 5140 2711 5200 ſi
2711 5142 2778 5202 in

1436 5270 1544 5330 pactum
1689 5274 1978 5334 recidit
2122 5283 2484 5343 sergent
2520 5288 2646 5348 si
2719 5290 2845 5350 ante

1455 5401 1732 5461 petunt
1749 5398 1847 5458 et
1879 5398 1928 5458 de
1977 5400 2108 5460 quo
2141 5404 2222 5464 ad
2222 5409 2385 5469 huc
2434 5414 2549 5474 no
2581 5420 2859 5480 satisfet

3237 1208 3299 1268 Et
3346 1203 3438 1263 nõ
3485 1198 3639 1258 dicit
3701 1195 3747 1255 ie
3809 1194 4010 1254 doctor
4072 1198 4180 1258 uel
4211 1202 4396 1262 ne
4443 1209 4535 1269 sat

3243 1318 3369 1378 dos
3397 1319 3495 1379 cui
3523 1320 3663 1380 iam
3746 1320 3858 1380 pus
3886 1320 4221 1380 recidium
4249 1320 4543 1380 conficetur

3241 1441 3325 1501 et
3353 1442 3395 1502 cui
3464 1444 3659 1504 pita
3687 1442 4021 1502 confessus
4021 1442 4147 1502 est
4189 1442 4342 1502 aut
4384 1443 4467 1503 no
4467 1445 4565 1505 eest

3236 1568 3408 1628 idem
3494 1568 3581 1628 et
3624 1568 3710 1628 si
3767 1568 3940 1628 aut
3997 1568 4227 1628 ꝯfites
4255 1570 4557 1630 ſaffecit

3206 1694 3477 1754 perpetis
3519 1694 3676 1754 pies,
3762 1694 3861 1754 aut
3933 1694 4061 1754 non
4089 1694 4360 1754 anteque
4389 1694 4631 1754 reci-

3245 1820 3395 1880 uit
3455 1820 3500 1880 si
3560 1818 3770 1878 presentes
3875 1816 4070 1876 confitem
4115 1816 4220 1876 illi
4250 1817 4280 1877 cum
4355 1819 4445 1879 annum
4535 1822 4595 1882 re-

3232 1942 3480 2002 ciam
3530 1944 3844 2004 confessus
3894 1944 3976 2004 est
4059 1944 4208 2004 tunc
4224 1944 4390 2004 sine
4390 1948 4638 2008 peregi-

3248 2066 3429 2126 piam
3560 2069 3609 2129 in
3642 2070 3839 2130 iucta
3905 2070 4003 2130 ppit
4151 2070 4299 2130 ſine
4332 2072 4496 2132 non
4496 2075 4578 2135 te

3251 2188 3431 2248 presenta
3503 2194 3737 2254 conficium
3827 2196 3917 2256 porta
4007 2198 4169 2258 vel
4205 2200 4241 2260 in
4277 2202 4493 2262 generali
4565 2205 4619 2265 cum

3241 2320 3469 2380 videt
3523 2326 3576 2386 quo
3630 2330 3831 2390 neat
3858 2332 4059 2392 pata
4113 2334 4180 2394 in
4220 2337 4489 2397 memoria
4556 2343 4623 2403 ad

3263 2460 3413 2520 huc
3443 2460 3578 2520 aliis
3623 2462 3983 2522 confessor
4043 2465 4118 2525 et
4148 2466 4238 2526 cum
4253 2468 4343 2528 in
4373 2472 4643 2532 gandin

3263 2600 3417 2660 sua,
3463 2600 3494 2660 si
3540 2600 3648 2660 non
3694 2600 3925 2660 preit
3971 2597 4140 2657 puis
4187 2596 4187 2656 et
4187 2597 4402 2657 ea
4464 2602 4587 2662 ex-

3259 2734 3494 2794 pressis
3539 2730 3818 2790 confici,
3862 2730 3921 2790 que
3950 2730 4215 2790 deuerus
4244 2732 4318 2792 que
4318 2733 4377 2793 de
4450 2734 4480 2794 pa

3276 2864 3527 2924 suscipere
3578 2860 3644 2920 seu
3778 2861 4046 2921 arbitum
4080 2865 4214 2925 sacri
4297 2868 4431 2928 non
4465 2870 4498 2930 per
4599 2868 4649 2928 que

3285 2997 3653 3057 ufficient
3669 2994 3920 3054 confiti
3987 3005 4454 3065 inclitudine
4471 3008 4538 3068 in

3264 3127 3624 3187 magnoscat
3684 3124 3834 3184 coram
3864 3126 3998 3186 sacre
4103 3131 4268 3191 bona
4313 3134 4448 3194 que
4463 3132 4553 3192 sibi

3259 3256 3348 3316 ons
3407 3256 3673 3316 contulit,
3733 3260 3807 3320 et
3851 3264 4162 3324 offensas,
4176 3266 4369 3326 quas
4398 3263 4531 3323 sibi

3265 3388 3580 3448 incorditer
3640 3390 3955 3450 indulsit
4045 3390 4105 3450 et
4195 3389 4330 3449 eciam
4360 3385 4615 3445 tenuris

3262 3527 3406 3587 si
3438 3530 3630 3590 aliquas
3662 3527 3918 3587 confite
3950 3522 4191 3582 alicui
4303 3518 4479 3578 nouo
4511 3518 4623 3578 satus

3257 3666 3323 3726 te
3356 3667 3570 3727 omnia
3619 3665 3817 3725 presenta
3850 3660 4080 3720 consitus
4097 3654 4245 3714 sine
4278 3649 4459 3709 peregeert
4492 3647 4558 3707 pris

3269 3790 3531 3850 deillis
3547 3790 3732 3850 sive
3748 3790 3871 3850 non,
3887 3788 3979 3848 que
4010 3788 4087 3848 ut
4149 3787 4288 3847 alter
4304 3786 4458 3846 notum
4504 3784 4643 3844 pretor

3249 3923 3572 3983 anostet
3629 3918 3686 3978 per
3742 3916 3875 3976 unam
3932 3914 4103 3974 eius
4141 3914 4520 3974 confessionem
4520 3914 4672 3974 pre-

3255 4061 3288 4121 cui
3454 4051 3537 4111 no
3571 4047 3787 4107 semper
3787 4046 3903 4106 dicte
3903 4044 4135 4104 et
4185 4043 4368 4103 priu
4418 4042 4517 4102 stat

3254 4180 3424 4240 nec
3455 4180 3532 4240 ſin
3656 4179 3718 4239 iſt
3811 4176 4042 4236 pintes
4120 4169 4321 4229 suffit
4383 4162 4537 4222 int

3282 4314 3392 4374 nam
3454 4303 3940 4363 manifestaet
3971 4298 4253 4358 Iterte
4268 4296 4393 4356 ut
4409 4293 4550 4353 dyn

3263 4430 3439 4490 hete
3471 4430 3679 4490 dirra
3727 4430 3886 4490 sina,
3902 4428 4030 4488 quod
4046 4427 4206 4487 quis
4253 4425 4461 4485 tociens
4461 4421 4653 4481 quociens

3254 4554 3485 4614 recipit
3562 4554 3762 4614 nouum
3823 4552 4162 4612 confessorem,
4208 4552 4269 4612 tem
4269 4551 4438 4611 omnia
4515 4550 4623 4610 pactum

3253 4690 3459 4750 preterita
3459 4686 3702 4746 consitum
3759 4686 3983 4746 precipue
4039 4684 4114 4744 que
4133 4684 4208 4744 sunt
4283 4681 4357 4741 sibi
4414 4678 4619 4738 commissa

3276 4824 3441 4884 forte,
3483 4817 3620 4877 quo
3662 4816 3758 4876 ad
3758 4814 3951 4874 culpam
4020 4814 4088 4874 et
4102 4814 4267 4874 quo
4309 4811 4570 4871 adpera

3246 4945 3386 5005 vide
3470 4946 3526 5006 et
3582 4946 3722 5006 hec
3750 4946 3903 5006 esse
3931 4944 4057 5004 com
4141 4941 4267 5001 illum
4365 4935 4421 4995 quod
4421 4933 4519 4993 de

3253 5066 3433 5126 prima
3492 5066 3627 5126 die
3687 5068 3881 5128 prima
3955 5066 4090 5126 non
4164 5063 4284 5123 ita,
4329 5058 4433 5118 ubi
4478 5054 4508 5114 der

3252 5189 3332 5249 no
3412 5192 3572 5252 ente
3700 5192 3827 5252 ut
3875 5190 3971 5250 qui
4035 5188 4067 5248 se
4178 5184 4338 5244 sacri
4370 5175 4610 5235 confessi

3260 5309 3488 5369 sumus
3517 5314 3803 5374 denouo
3846 5312 4046 5372 cofiten
4189 5305 4274 5365 si
4317 5297 4589 5357 liga-

3249 5437 3494 5497 cordis
3537 5436 3897 5496 notariis
3911 5439 3969 5499 ap
4098 5440 4170 5500 vi
4300 5435 4602 5495 iudicem
