5166 6804
1314 1091 2742 1206 dum est / et si est erubescencia / nec audet
1328 1215 2762 1338 aperire os suum ad loquendum / Unde sicut nullus
1338 1343 2730 1450 sapiens erubescit sordes de domo sua vel
1318 1467 2718 1574 vase quocumque eicere / sive preciosum sit illud
1330 1595 2754 1702 sive vile Sed sordes habere in domo sua
1310 1730 2714 1828 vel in vasis unusquisque turpe iudicat
1312 1852 2720 1956 ad erubescendum / Sola autem domus / consciencie
1340 1968 2702 2082 solumque cordis vas / quare eius sordes
1316 2097 2714 2209 amantur / et emendacio erubescitur Sed dicit
1294 2226 2722 2330 ex quo erubescencia multos ducti ad gravia
1322 2360 2736 2460 peccata ita ut multi de certis peccatis confiteantur
1300 2478 2768 2596 et alia taceant / et quesiti si plura occurrant
1304 2602 2726 2716 menciuntur / quod non / et hoc primum grave peccatum
1278 2737 2790 2853 Et sic capiunt absolucionem scienter in peccato morta¬
1320 2863 2734 2973 li et faciunt irreverenciam sacramento / et hoc est
1296 2975 2750 3096 2m grave pecctum / 3o in isto peccato capiunt
1322 3097 2726 3222 scienter sacramentum erokaristie / et hoc est 3m
1304 3229 2752 3350 grave peccatum / quare ergo deus communiter per¬
1296 3363 2750 3478 mittit / quasi omnes temptari per erubescen¬
1308 3498 2706 3613 ciam ut taceant in confessione aliqua peccata
1286 3614 2714 3751 Respondit Wilhelmus ubi supra capitulo 49o Ad
1298 3747 2730 3864 hoc erubescencia ut post victoriam de aliis
1324 3883 2754 3993 hostibus gloriose et victoriosissime triumphes
1310 4015 2684 4111 ut homo qui alia peccata in contricione
1280 4123 2728 4246 vicisti / vincas eciam erubescenciam in confessione /
1284 4255 2714 4372 quod si diligenter advertimus / confiteri vicia et
1294 4383 2726 4516 peccata quodammodo est numerare ‧ victorias / quando
1292 4511 2680 4648 enim quis forcinacionem pie confitetur ipsam se
1302 4647 2734 4782 vicisse / quasi ipso facto loquitur / et quasi mortuam
1266 4775 2748 4906 de campo eicit / sicut quis virtute me¬
1286 4907 2740 5048 dicine / evomit serpentem / et alias vene¬
1280 5041 2682 5188 natas bestias indicat victoriam nature
1274 5185 2726 5319 ad vite per medicinam Ita in confessione vic¬
1264 5303 2716 5445 torias gracie contra culpam indicat Unde patet
3142 1129 4478 1249 quod confiteri pie et sinceriter peccata sua /
3124 1261 4462 1356 est quasi loqui / et enarrare victorias
3116 1379 4482 1472 in contricione factas / et in attricione / licet non¬
3130 1504 4450 1593 dum conpletas / quantum enim ad multam non
3136 1621 4500 1722 conplete moriuntur peccata in attricione / sed conple¬
3112 1739 4498 1841 te in contricione et confessione / ut supra ex dictis
3106 1849 4514 1957 2o ut augeatur homini meritum qui difficilius
3120 1975 4484 2091 confitetur propter verecundiam / difficultas autem operis
3104 2107 4472 2214 et gravitas facit ad premii / meritum et aug¬
3106 2223 4472 2338 mentum / 3o ut per hoc homo salvat unam
3110 2351 4484 2469 partem pene pro peccatis quam deberet solvere in
3102 2483 3990 2583 purgatorio ut patet ex dictis etc.
3326 2618 4418 2725 Alius Sermo de Confessione
3426 2730 4454 2835 egligentia qua quis negligit
3442 2839 4482 2953 noscere precepta dei / quanta mala
3446 2977 4480 3072 inducat humana et induxerit
3078 3097 4512 3192 mundo / palam est si precepta illorum igno¬
3104 3215 4522 3311 rum legis / et preceptorum dei inspicimus / inve¬
3082 3337 4466 3437 nimus enim in eis / multa superuacua in¬
3074 3461 4496 3563 utilia et infructuo / ymo et nociva rei publice
3092 3589 4458 3691 ut plurimum illorum qui in suis preceptis non
3080 3719 4452 3822 habuerunt respectum ad dei preceptum Isti
3070 3855 4460 3949 ediderunt plura statuta nociva / sicut
3088 3977 4444 4073 patet in multis preceptis humanis quia solum
3070 4103 4438 4207 docent querere que sua sunt / replere bursas
3074 4233 4518 4335 proprias / et alienas evacuare / ex quibus pul¬
3092 4367 4462 4477 lulaverunt omnes ut timeo lapsus in utroque
3082 4489 4440 4603 statu et sexu / quos hew nostris temporibus co¬
3066 4611 4450 4731 gimur videre ad multa peccata que iam ex con¬
3096 4739 4490 4855 suetudine quadam quasi in usu venerunt /
3088 4867 4454 4979 ita quod multi de eis modicum erubescant /
3066 5005 4486 5105 et sic de peccato in peccatum currant / et nescit
3042 5113 4524 5223 finem eurundem casuum Sed secus est de preceptis
3062 5243 4440 5343 dei / de quibus dicit Ambrosius in libro
3046 5358 4430 5461 de fuga seculi / preceptis celestium testimoniorum
