5166 6845
604 1156 1970 1292 et que ad ipsius magnitudinem / Humilis
626 1266 2076 1417 scilicet in verbo et facto / et non altis verbis et apparen¬
618 1398 2014 1539 tibus / sed genuflexo devote / ut se scilicet in¬
618 1531 2024 1647 firmum spiritualiter fateatur / secundum illud ecclesiastici 4to
638 1645 2024 1777 Coram presbytero humilia animam tuam / pura scilicet de¬
626 1750 2044 1904 bita intencione facta / et ad debitum finem /
648 1878 1990 2018 scilicet spe venie consequendo de peccatis / et non
610 1990 2026 2131 prava intencione qua homo inmundaretur /
640 2118 2020 2243 Vel pura id est sine yppocrisi / sicut faciunt isti qui
642 2248 2026 2368 se in confessione commendant / ut favorem
642 2355 1986 2481 habeant sacerdotis / contra quos salvator dicit
630 2469 2018 2603 Mt vo Videte ne iusticiam veram faciatis
638 2592 2058 2715 coram hominibus ffidelis id est vera absque fidelitate /
654 2712 1998 2821 ita ut quis scienter nullum falsum dicat in
638 2829 2012 2941 confessione / neque confiteatur peccata / pro certo /
636 2941 2012 3075 que scit se non fecisse / quia os quod mentitur
664 3064 1992 3197 occidit animam Et abhoc dicit Augustinus / quod
666 3190 1986 3321 talis confessio non absolveret a reatu / sed
670 3318 2034 3445 pocius constitueret reum / quia falsum testimonium
672 3439 1986 3568 prohibitum est fieri contra alium / exodi
668 3565 2026 3683 2o igitur magis contra se ipsum Et sic falsum
666 3701 2036 3799 dicens in confessione id quod solvere volebat
670 3822 2028 3925 / huius se facit debitorem Et quia sicut tacens
686 3940 2024 4049 veritatem / ita exprimens falsitatem iudicis
678 4056 2126 4175 inpedit officium / et adversarii sui ius detinet
650 4194 2028 4307 / vel nititur detinere / quorum utrumque grave
694 4320 2050 4423 peccatum est / ita in iudicio penetencie / iste qui in
690 4444 2016 4541 causa consciencie sue puram et integram
700 4554 2116 4673 non loquitur veritatem / et tenetur ad restitucionem /
708 4676 2028 4801 sicut si in iudicio seculari causa alicuius
692 4800 2078 4917 tacendo veritatem / vel dicendo falsitatem
703 4928 2090 5054 periclitata est ffrequens non nimis dilata /
706 5057 2054 5178 quia sicut vulnus diu occultatum / aliquando in
710 5183 2064 5292 ducit putretudinem totius membri / sic eciam
694 5316 878 5405 peccatum
878 5317 1116 5405 domi
1116 5302 2080 5404 retentum / aliquando inducit aliud
706 5414 2138 5515 peccatum / secundum quod dicit gregorius 25 moralium Peccatum
2316 1082 3700 1220 quod mox per penitenciam deletum non fuerit / suo
2318 1204 3720 1350 gravitate aliud trahit Tale eciam sepe vadit
2334 1328 3708 1482 in oblivionem totaliter ob hoc dicitur ysaie 23o
2334 1473 3720 1623 Summe cytharam in circuitu civitatem meretrix
2358 1591 3732 1737 oblivioni tradita Bene cave frequenta
2346 1718 3774 1876 canticum / ut memoria tui sit aput deum
2348 1865 3716 2001 Quod exponit quedam glosa de confessione
2340 1995 3816 2121 que est sumenda voluntarie / ... scilicet voluntarie
2354 2118 3750 2260 circui per mediam civitatem / et sensus et membra
2340 2250 3822 2394 bene cave sine palliacione / et distincte fre¬
2354 2388 3788 2522 quenta id est pluries confitere / debet enim esse frequens
2362 2538 3828 2655 ex dictis / quia homo potest idem peccatum tociens con¬
2372 2676 3758 2771 fiteri / quod taliter eciam sibi quantum ad penam
2362 2794 3784 2916 dimittatur exemplo david qui tociens confessus est
2376 2934 3766 3050 ut quasi nullus passus sit / quin peccatum
2374 3045 3930 3163 suum resonet / atque ea sepe te petendo in gracia
2370 3167 3830 3275 misericordiam poscit / et multitudinem miseracionum
2362 3296 3766 3418 quam invenit / ut vult Ambrosius in primo
2364 3415 3798 3537 de appologia dauid Nuda ut sit involu¬
2362 3527 3798 3667 ta obscuritate verborum / que presbyter intelligere non
2382 3630 3862 3784 possit / ut multi faciunt putantes se satisfecisse /
2404 3752 3808 3910 Verbi gracia / ad confitendum adulterium /
2400 3882 3800 4038 putant quidem sufficere dicendo / Ego saltavi
2392 4014 3792 4164 per sepem / vel consimili modo / Ob hoc dicitur in psalmo
2380 4136 3884 4298 Revela domino viam tuam Et Iob 31o Si ab¬
2396 4264 3828 4418 scondi ut homo peccatum meum scilicet indebite
2414 4376 3874 4534 negando / veli excusando vel palliando /
2386 4504 3824 4664 et ex erubescencia confitendo / quasi diceret
2424 4637 3808 4781 non Unde sequitur Et celavi in sinu meo
2406 4749 3850 4903 iniquitatem meam / quasi diceret / ubi oportuit
2406 4876 3816 5030 hoc non feci / discreta ut premeditate fiat /
2420 4990 3898 5158 ut scilicet maius cum maiore pondere confiteatur /
2424 5148 3884 5290 vel discreta ut non fit subita in verbis /
2412 5288 3846 5438 / sed ponderata bene et mensurata / secundum illud
