5166 7266
470 1152 1874 1283 ad contemptum dei Et ergo in primis
476 1291 1906 1432 duabus temptacionibus dixit Si filius dei
470 1423 1918 1566 es / In 2a autem non / // Dubitatur utrum una
470 1553 1994 1700 die in istis tribus locis dyabolus temptaverit
476 1708 1970 1845 Cristum / Apparet ex textu litere quod sic / Quia
482 1851 1872 1975 dicitur Assumpsit eum etc. / Dubitatur utrum plus
492 1989 1868 2105 temptat cristianos vel hereticos vel
472 2120 1924 2253 infideles // Respondet Augustinus in libro questionum
464 2252 1832 2399 veteris et novi testamenti capitulo 3o
476 2402 1918 2537 dyabolus non querit gentiles / non querit
494 2534 1932 2653 iudeos / dyabolus non querit multe vie con¬
782 2674 1962 2792 versacionis / sed querit dei servos querit / et
502 2812 1894 2926 Cristi famulos / quos scit inimicos
514 2950 1918 3065 quia factum et presumpcionem eius condempnant
496 3090 1902 3209 quod non intelligendum est / quod infideles temptet
520 3214 1918 3337 ad peccatum / ymo suadet eis persecu¬
500 3352 1934 3473 ciones / in cristianos / ut patet de tyrannis contra
488 3490 1972 3623 martiros motis / sed non ita sepe / et de
504 3640 1984 3757 tam turpibus temptat tales sicut fideles
510 3766 1086 3869 bone vite etc.
1478 3778 1936 3873 3us sermo de quadragesima
532 3900 1730 4017 Tercius sermo de quadragesima
1030 4282 1910 4389 Uctus est ihesus
984 4428 2030 4557 in desertum a spiritu etc.
1012 4592 1970 4697 Mt 4o Ex quo omnia tempora
550 4736 1998 4853 habens hunc tempus hunc / ut dicit Sapiens
516 4876 1978 4979 ecclesiastes 3o Est tempus flendi / tempus
522 5002 2018 5109 ridendi Quia nunc est tempus flendi
530 5137 2060 5246 et in futuro ridendi / Beati enim flentes
522 5282 1966 5393 quoniam ipsi ridebunt Tempus plangendi
498 5430 1968 5565 / et tempus saltandi / tempus spargendi
520 5576 1982 5709 lapides / tempus colligendi / tempus
2273 1127 3780 1198 spargendorum et congregandorum lapi¬
2266 1244 3798 1359 dum esse dicit / iuxta illud quod in ewangelio dicit
2256 1388 3770 1497 Potens est deus de lapidibus istis
2298 1532 3774 1645 suscitare filios abrahe / quod tempus fuerit
2254 1674 3818 1779 gentiles populi dispergendi / et tempus rursum
2264 1811 3840 1912 in ecclesiam congregandi 2m Bedam Sic et
2274 1941 3840 2056 qui toto anno vitam contrariam deo dixerunt
2304 2080 3784 2188 et dei misericordia / eciam cum in peccatis fuerunt
2274 2210 3792 2324 exspectati sicut usque / nunc hodie vocatur
2298 2354 3838 2469 per Iohelem prophetam Iohelis 2o Convertimini
2298 2496 3794 2605 ad me toto corde vestro ait dominus / et scin¬
2290 2634 3772 2749 dite corda vestra / scilicet per veram de peccatis
2294 2778 3804 2879 contricionem / Convertimini ad dominum vestrum / quia be¬
2300 2909 3808 3015 nignus / et misericors / et paciens est / et
2272 3032 3834 3163 multus in misericordia / et placabilis super maliciam
2284 3164 3802 3297 Quis scit si convertatur / et ignoscat deus
2298 3308 3838 3435 et relinquat post se benediccionem Et licet semper
2308 3457 3772 3573 sapienter / et iuste debeamus vivere et
2298 3589 3774 3713 omnes acciones nostras dirigere / sicut divine
2302 3727 3774 3850 novimus placere voluntati et iusticie Sed
2286 3868 3786 3995 cum hii appropinquant dies acceptabiles / quos
2314 4000 3842 4128 illustriores vel salutis nostre sacramenta fecerunt
2306 4140 3892 4258 diligenciori solicitudine / corda nostra mun¬
2310 4266 3834 4390 danda sunt / et studiosus est exercenda
2310 4406 3822 4531 disciplina Si enim inquid lleo papa
2308 4545 3794 4662 in quodam sermone racionabile / et quemadmodum
2312 4680 3806 4803 religiosum videtur per diem festum in vestitu
2324 4823 3808 4940 nitidiore prodesse / et hylaritatem mentis
2302 4957 3892 5084 ostendere / si ipsam tunc oracionis domum propen¬
2354 5090 3920 5227 siori / tunc cura / et ampliori tunc cultu
2308 5236 3868 5371 quantum possumus adornamus nonne dignum
2338 5382 3960 5521 est / ut anima cristiana / que verum vivumque templum
2330 5534 3882 5675 est dei / speciem suam prudenter exornet
